<?xml version="1.0" ?><OAI-PMH xmlns="http://www.openarchives.org/OAI/2.0/" xmlns:xsi="http://www.w3.org/2001/XMLSchema-instance" xsi:schemaLocation="http://www.openarchives.org/OAI/2.0/ http://www.openarchives.org/OAI/2.0/OAI-PMH.xsd">
  <responseDate>2024-11-20T18:25:09Z</responseDate>
  <request resumptionToken="1900-01-01@all@UNIGE_ALL@marc21@5986493720005502" verb="ListRecords">https://slsp-unige.alma.exlibrisgroup.com/view/oai/41SLSP_UGE/request</request>
<ListRecords><record><header><identifier>oai:alma.41SLSP_UGE:991000041559705502</identifier><datestamp>2024-10-17T00:10:24Z</datestamp><setSpec>uge_bcen_RapidILL_BOOK</setSpec><setSpec>uge_aaca_RapidILL_BOOK</setSpec><setSpec>uge_abels_RapidILL_BOOK</setSpec><setSpec>uge_dbu_RapidILL_BOOK</setSpec><setSpec>uge_cmu_RapidILL_BOOK</setSpec><setSpec>uge_mail_RapidILL_BOOK</setSpec><setSpec>uge_abbat_RapidILL_BOOK</setSpec><setSpec>UNIGE_ALL</setSpec><setSpec>uge_aobs_RapidILL_BOOK</setSpec><setSpec>uge_acar_RapidILL_BOOK</setSpec></header><metadata>
<record xmlns="http://www.loc.gov/MARC21/slim" xmlns:xsi="http://www.w3.org/2001/XMLSchema-instance" xsi:schemaLocation="http://www.loc.gov/MARC21/slim http://www.loc.gov/standards/marcxml/schema/MARC21slim.xsd"><leader>03996nam a2200409 c 4500</leader><controlfield tag="001">991000041559705502</controlfield><controlfield tag="005">20241016204557.0</controlfield><controlfield tag="008">011129s2000    ru ||||| |||| 00| ||rus d</controlfield><datafield ind1=" " ind2=" " tag="020"><subfield code="a">5811402457</subfield></datafield><datafield ind1="7" ind2=" " tag="024"><subfield code="a">http://catalogue.bnf.fr/ark:/12148/cb38900005r</subfield><subfield code="2">uri</subfield></datafield><datafield ind1=" " ind2=" " tag="035"><subfield code="a">(swissbib)097354333-41slsp_network</subfield></datafield><datafield ind1=" " ind2=" " tag="035"><subfield code="a">097354333</subfield><subfield code="9">ExL</subfield></datafield><datafield ind1=" " ind2=" " tag="035"><subfield code="a">(RERO)R003121281-41slsp</subfield></datafield><datafield ind1=" " ind2=" " tag="035"><subfield code="a">(EXLNZ-41SLSP_NETWORK)991160528589705501</subfield></datafield><datafield ind1=" " ind2=" " tag="040"><subfield code="a">RERO frbcuc</subfield><subfield code="d">CH-ZuSLS</subfield></datafield><datafield ind1=" " ind2="7" tag="072"><subfield code="a">th</subfield><subfield code="2">rero</subfield></datafield><datafield ind1=" " ind2="7" tag="072"><subfield code="a">ph</subfield><subfield code="2">rero</subfield></datafield><datafield ind1="1" ind2=" " tag="100"><subfield code="6">880-01</subfield><subfield code="a">Longinov, Mihail Nikolaevič</subfield><subfield code="0">(IDREF)251300471</subfield><subfield code="4">cre</subfield></datafield><datafield ind1="1" ind2=" " tag="880"><subfield code="6">100-01/(N</subfield><subfield code="a">Лонгинов, Михаил Николаевич</subfield></datafield><datafield ind1="1" ind2="0" tag="245"><subfield code="6">880-02</subfield><subfield code="a">Novikov i moskovskie martinisty</subfield><subfield code="c">M.N. Longinov ; MVD Rossii Sankt-Peterburgskiĭ universitet, Akademii︠a︡ Prava, Ėkonomiki i bezopasnosti zhiznedei︠a︡telʹnosti</subfield></datafield><datafield ind1="1" ind2="0" tag="880"><subfield code="6">245-02/(N</subfield><subfield code="a">Новиков и московские мартинисты</subfield><subfield code="c">М.Н. Лонгинов ; МВД России Санкт-Петербургский университет, Академия Права, Экономики и безопасности жизнедеятельности</subfield></datafield><datafield ind1="1" ind2=" " tag="246"><subfield code="a">Novikov i moskovskie martinisty / M.N. Longinov ; MVD Rossii Sankt-Peterburgskij universitet, Akademija Prava, Ėkonomiki i bezopasnosti žiznedejatelʹnosti</subfield></datafield><datafield ind1=" " ind2="1" tag="264"><subfield code="6">880-03</subfield><subfield code="a">Sankt-Peterburg [etc.]</subfield><subfield code="b">Lanʹ [etc.]</subfield><subfield code="c">2000</subfield></datafield><datafield ind1=" " ind2="1" tag="880"><subfield code="6">264-03/(N</subfield><subfield code="a">Санкт-Петербург [etc.]</subfield><subfield code="b">Лань [etc.]</subfield><subfield code="c">2000</subfield></datafield><datafield ind1=" " ind2=" " tag="300"><subfield code="a">658, 12 p.</subfield><subfield code="c">21 cm</subfield></datafield><datafield ind1=" " ind2=" " tag="336"><subfield code="b">txt</subfield><subfield code="2">rdacontent</subfield></datafield><datafield ind1=" " ind2=" " tag="337"><subfield code="b">n</subfield><subfield code="2">rdamedia</subfield></datafield><datafield ind1=" " ind2=" " tag="338"><subfield code="b">nc</subfield><subfield code="2">rdacarrier</subfield></datafield><datafield ind1="1" ind2=" " tag="490"><subfield code="6">880-04</subfield><subfield code="a">Mir kulʹtury, istorii i filosofii</subfield></datafield><datafield ind1="0" ind2=" " tag="880"><subfield code="6">490-04/(N</subfield><subfield code="a">Мир культуры, истории и философии</subfield></datafield><datafield ind1="1" ind2="0" tag="600"><subfield code="a">Novikov, Nikolaĭ Ivanovich</subfield><subfield code="d">1744-1818</subfield></datafield><datafield ind1="2" ind2="0" tag="610"><subfield code="a">Freemasons</subfield><subfield code="x">Rules and practice</subfield><subfield code="y">18th century</subfield></datafield><datafield ind1="1" ind2="7" tag="600"><subfield code="a">Novikov, Nicolai Ivanovitch</subfield><subfield code="d">1744-1818</subfield><subfield code="0">(IDREF)05056935X</subfield><subfield code="2">idref</subfield></datafield><datafield ind1="2" ind2=" " tag="710"><subfield code="6">880-05</subfield><subfield code="a">Sankt-Peterburgskiĭ gosudarstvennyĭ universitet</subfield><subfield code="0">(RERO)A000193503</subfield></datafield><datafield ind1="2" ind2=" " tag="880"><subfield code="6">710-05/(N</subfield><subfield code="a">Санкт-Петербургский государственный университет</subfield></datafield><datafield ind1=" " ind2=" " tag="830"><subfield code="6">880-06</subfield><subfield code="a">Mir kulʹtury, istorii i filosofii</subfield><subfield code="w">(RERO)R259319060-41slsp</subfield></datafield><datafield ind1=" " ind2="0" tag="880"><subfield code="6">830-06/(N</subfield><subfield code="a">Мир культуры, истории и философии</subfield></datafield><datafield ind1=" " ind2=" " tag="900"><subfield code="a">REROnoselfmerge</subfield></datafield></record>
</metadata></record>