<record><header><identifier>oai:alma.41SLSP_UGE:991000041449705502</identifier><datestamp>2024-08-10T00:16:36Z</datestamp><setSpec>uge_bcen_RapidILL_BOOK</setSpec><setSpec>uge_aaca_RapidILL_BOOK</setSpec><setSpec>uge_abels_RapidILL_BOOK</setSpec><setSpec>uge_dbu_RapidILL_BOOK</setSpec><setSpec>uge_cmu_RapidILL_BOOK</setSpec><setSpec>uge_mail_RapidILL_BOOK</setSpec><setSpec>uge_abbat_RapidILL_BOOK</setSpec><setSpec>UNIGE_ALL</setSpec><setSpec>uge_aobs_RapidILL_BOOK</setSpec><setSpec>uge_acar_RapidILL_BOOK</setSpec></header><metadata>
<record xmlns="http://www.loc.gov/MARC21/slim" xmlns:xsi="http://www.w3.org/2001/XMLSchema-instance" xsi:schemaLocation="http://www.loc.gov/MARC21/slim http://www.loc.gov/standards/marcxml/schema/MARC21slim.xsd"><leader>02303nam a2200589 c 4500</leader><controlfield tag="001">991000041449705502</controlfield><controlfield tag="005">20240809181515.0</controlfield><controlfield tag="008">201011s2001    ne ||||| |||| 00| ||eng d</controlfield><datafield ind1=" " ind2=" " tag="015"><subfield code="a">GFR-CIP-01,N22</subfield><subfield code="a">DNB-01,N22,0173</subfield></datafield><datafield ind1="7" ind2=" " tag="016"><subfield code="a">961453435</subfield><subfield code="2">GyFmDB</subfield></datafield><datafield ind1=" " ind2=" " tag="020"><subfield code="a">9004116923</subfield><subfield code="q">freier Pr.</subfield></datafield><datafield ind1=" " ind2=" " tag="035"><subfield code="a">(swissbib)221903607-41slsp_network</subfield></datafield><datafield ind1=" " ind2=" " tag="035"><subfield code="a">221903607</subfield><subfield code="9">ExL</subfield></datafield><datafield ind1=" " ind2=" " tag="035"><subfield code="a">(RERO)R003068590-41slsp</subfield></datafield><datafield ind1=" " ind2=" " tag="035"><subfield code="a">(IDSBB)002303732DSV01</subfield></datafield><datafield ind1=" " ind2=" " tag="035"><subfield code="a">(NEBIS)004158193EBI01</subfield></datafield><datafield ind1=" " ind2=" " tag="035"><subfield code="a">(IDSLU)000218994ILU01</subfield></datafield><datafield ind1=" " ind2=" " tag="035"><subfield code="a">(EXLNZ-41SLSP_NETWORK)991026054909705501</subfield></datafield><datafield ind1=" " ind2=" " tag="040"><subfield code="a">RERO frbcuc</subfield><subfield code="d">CH-ZuSLS</subfield></datafield><datafield ind1="0" ind2=" " tag="041"><subfield code="a">eng</subfield></datafield><datafield ind1=" " ind2="7" tag="072"><subfield code="a">th</subfield><subfield code="2">rero</subfield></datafield><datafield ind1=" " ind2="7" tag="072"><subfield code="a">th</subfield><subfield code="2">SzZuIDS BS/BE</subfield></datafield><datafield ind1=" " ind2="7" tag="072"><subfield code="a">710</subfield><subfield code="2">IDS LU</subfield></datafield><datafield ind1="0" ind2="0" tag="082"><subfield code="a">299/.932</subfield><subfield code="2">22</subfield></datafield><datafield ind1=" " ind2=" " tag="084"><subfield code="a">13</subfield><subfield code="2">sdnb</subfield></datafield><datafield ind1=" " ind2=" " tag="084"><subfield code="a">6,21</subfield><subfield code="2">ssgn</subfield></datafield><datafield ind1=" " ind2=" " tag="084"><subfield code="a">BC 7575</subfield><subfield code="2">rvk</subfield></datafield><datafield ind1=" " ind2=" " tag="084"><subfield code="a">BE 7921</subfield><subfield code="2">rvk</subfield></datafield><datafield ind1="1" ind2=" " tag="100"><subfield code="a">Williams, Francis E.</subfield><subfield code="d">19..-....</subfield><subfield code="0">(IDREF)060316179</subfield><subfield code="4">cre</subfield></datafield><datafield ind1="1" ind2="0" tag="245"><subfield code="a">Mental perception</subfield><subfield code="b">a commentary on NHC VI,4 : The concept of our great power</subfield><subfield code="c">by Francis E. Williams</subfield></datafield><datafield ind1="1" ind2=" " tag="246"><subfield code="a">Concept of our great power</subfield></datafield><datafield ind1=" " ind2="1" tag="264"><subfield code="a">Leiden [etc.]</subfield><subfield code="b">Brill</subfield><subfield code="c">2001</subfield></datafield><datafield ind1=" " ind2=" " tag="300"><subfield code="a">LXVIII, 284 p.</subfield><subfield code="c">25 cm</subfield></datafield><datafield ind1=" " ind2=" " tag="336"><subfield code="b">txt</subfield><subfield code="2">rdacontent</subfield></datafield><datafield ind1=" " ind2=" " tag="337"><subfield code="b">n</subfield><subfield code="2">rdamedia</subfield></datafield><datafield ind1=" " ind2=" " tag="338"><subfield code="b">nc</subfield><subfield code="2">rdacarrier</subfield></datafield><datafield ind1="1" ind2=" " tag="490"><subfield code="a">Nag Hammadi and Manichaean studies</subfield><subfield code="v">51</subfield></datafield><datafield ind1=" " ind2=" " tag="500"><subfield code="a">Contient le texte copte du NHC VI,4 avec la traduction anglaise en regard</subfield></datafield><datafield ind1="0" ind2="7" tag="630"><subfield code="a">Concept de notre grande puissance</subfield><subfield code="0">(RERO)A009956304</subfield><subfield code="2">rero</subfield></datafield><datafield ind1="0" ind2="7" tag="630"><subfield code="a">&lt;&lt;Der&gt;&gt; Gedanke unserer grossen Kraft</subfield><subfield code="2">idszbz</subfield></datafield><datafield ind1="0" ind2="0" tag="630"><subfield code="a">Concept of our Great Power</subfield><subfield code="v">Commentaries</subfield></datafield><datafield ind1="0" ind2="7" tag="630"><subfield code="a">&lt;&lt;Der&gt;&gt; Gedanke unserer großen Kraft</subfield><subfield code="0">(DE-588)4649126-0</subfield><subfield code="2">gnd</subfield></datafield><datafield ind1=" " ind2="7" tag="650"><subfield code="a">Nag Hammadi Papyri</subfield><subfield code="2">idsbb</subfield></datafield><datafield ind1=" " ind2="7" tag="655"><subfield code="a">Commentaire de texte</subfield><subfield code="0">(IDREF)27790681</subfield><subfield code="2">idref</subfield></datafield><datafield ind1=" " ind2="7" tag="655"><subfield code="a">Kommentar</subfield><subfield code="2">idszbz</subfield></datafield><datafield ind1=" " ind2="7" tag="655"><subfield code="a">Kommentar</subfield><subfield code="2">gnd-content</subfield></datafield><datafield ind1="0" ind2=" " tag="730"><subfield code="a">Noëma, sive Cogitatio magnae potentiae</subfield><subfield code="l">Copte sahidique - anglais</subfield></datafield><datafield ind1=" " ind2=" " tag="830"><subfield code="a">Nag Hammadi and Manichaean studies</subfield><subfield code="v">51</subfield><subfield code="w">(IDSLU)000163035ILU01</subfield></datafield><datafield ind1=" " ind2=" " tag="830"><subfield code="a">Nag Hammadi studies</subfield><subfield code="v">51</subfield><subfield code="w">(RERO)0359703-41slsp</subfield></datafield><datafield ind1="4" ind2="2" tag="856"><subfield code="3">Titelblatt und Inhaltsverzeichnis</subfield><subfield code="q">PDF</subfield><subfield code="u">https://urn.ub.unibe.ch/urn:ch:slsp:zbz:9004116923:ihv:pdf</subfield></datafield><datafield ind1=" " ind2=" " tag="900"><subfield code="a">REROnoselfmerge</subfield></datafield><datafield ind1=" " ind2=" " tag="900"><subfield code="a">IDSZ2zbzmon200110f</subfield><subfield code="c">IDSZ2cave</subfield><subfield code="d">IDSZ2zbzswk200110b</subfield><subfield code="e">IDSZ2haag</subfield></datafield><datafield ind1=" " ind2=" " tag="949"><subfield code="a">https://urn.ub.unibe.ch/urn:ch:slsp:zbz:9004116923:ihv:pdf</subfield></datafield></record>
</metadata></record>