<record><header><identifier>oai:alma.41SLSP_UGE:991000041469705502</identifier><datestamp>2024-10-05T00:13:39Z</datestamp><setSpec>uge_bcen_RapidILL_BOOK</setSpec><setSpec>uge_aaca_RapidILL_BOOK</setSpec><setSpec>uge_abels_RapidILL_BOOK</setSpec><setSpec>uge_dbu_RapidILL_BOOK</setSpec><setSpec>uge_cmu_RapidILL_BOOK</setSpec><setSpec>uge_mail_RapidILL_BOOK</setSpec><setSpec>uge_abbat_RapidILL_BOOK</setSpec><setSpec>UNIGE_ALL</setSpec><setSpec>uge_aobs_RapidILL_BOOK</setSpec><setSpec>uge_acar_RapidILL_BOOK</setSpec></header><metadata>
<record xmlns="http://www.loc.gov/MARC21/slim" xmlns:xsi="http://www.w3.org/2001/XMLSchema-instance" xsi:schemaLocation="http://www.loc.gov/MARC21/slim http://www.loc.gov/standards/marcxml/schema/MARC21slim.xsd"><leader>03599nam a2200769 c 4500</leader><controlfield tag="001">991000041469705502</controlfield><controlfield tag="005">20241004192128.0</controlfield><controlfield tag="008">201011s1987    sz ||||| |||| 00| ||fre d</controlfield><datafield ind1=" " ind2=" " tag="019"><subfield code="a">Datenkonversion ZB Solothurn</subfield><subfield code="5">IDSBB/28.08.2016/blu</subfield></datafield><datafield ind1=" " ind2=" " tag="035"><subfield code="a">(swissbib)224913409-41slsp_network</subfield></datafield><datafield ind1=" " ind2=" " tag="035"><subfield code="a">224913409</subfield><subfield code="9">ExL</subfield></datafield><datafield ind1=" " ind2=" " tag="035"><subfield code="a">(RERO)0872424-41slsp</subfield></datafield><datafield ind1=" " ind2=" " tag="035"><subfield code="a">(NEBIS)003243061EBI01</subfield></datafield><datafield ind1=" " ind2=" " tag="035"><subfield code="a">(IDSLU)000065526ILU01</subfield></datafield><datafield ind1=" " ind2=" " tag="035"><subfield code="a">(IDSBB)000297910DSV01</subfield></datafield><datafield ind1=" " ind2=" " tag="035"><subfield code="a">(IDSBB)006545565DSV01</subfield></datafield><datafield ind1=" " ind2=" " tag="035"><subfield code="a">(EXLNZ-41SLSP_NETWORK)991018089869705501</subfield></datafield><datafield ind1=" " ind2=" " tag="040"><subfield code="a">RERO laavl-</subfield><subfield code="d">CH-ZuSLS</subfield></datafield><datafield ind1=" " ind2=" " tag="044"><subfield code="a">sz</subfield><subfield code="c">ch-vd</subfield></datafield><datafield ind1=" " ind2="7" tag="072"><subfield code="a">ht</subfield><subfield code="2">rero</subfield></datafield><datafield ind1=" " ind2="7" tag="072"><subfield code="a">660</subfield><subfield code="2">IDS LU</subfield></datafield><datafield ind1=" " ind2="7" tag="072"><subfield code="a">sg</subfield><subfield code="2">SzZuIDS BS/BE</subfield></datafield><datafield ind1=" " ind2="7" tag="072"><subfield code="a">po</subfield><subfield code="2">SzZuIDS BS/BE</subfield></datafield><datafield ind1="0" ind2="0" tag="082"><subfield code="a">949.4/52 s</subfield><subfield code="a">949.4/52</subfield><subfield code="2">20</subfield></datafield><datafield ind1="1" ind2="4" tag="082"><subfield code="a">320</subfield><subfield code="2">15</subfield></datafield><datafield ind1="1" ind2="4" tag="082"><subfield code="a">949.4</subfield><subfield code="2">15</subfield></datafield><datafield ind1="1" ind2=" " tag="100"><subfield code="a">Chuard, Corinne</subfield><subfield code="d">1962-</subfield><subfield code="0">(RERO)A003106076</subfield><subfield code="4">cre</subfield><subfield code="6">880-01</subfield></datafield><datafield ind1="1" ind2=" " tag="880"><subfield code="a">Chuard, Corinne</subfield><subfield code="d">1962-</subfield><subfield code="0">(DE-588)131240951</subfield><subfield code="6">100-01</subfield></datafield><datafield ind1="1" ind2="0" tag="245"><subfield code="a">Payerne et la révolution vaudoise de 1798</subfield><subfield code="c">Corinne Chuard</subfield></datafield><datafield ind1=" " ind2="1" tag="264"><subfield code="a">Lausanne</subfield><subfield code="b">Bibliothèque historique vaudoise</subfield><subfield code="c">1987</subfield></datafield><datafield ind1=" " ind2=" " tag="300"><subfield code="a">188 S.</subfield><subfield code="b">Ill., Tab., Karten</subfield><subfield code="c">24 cm</subfield></datafield><datafield ind1=" " ind2=" " tag="336"><subfield code="b">txt</subfield><subfield code="2">rdacontent</subfield></datafield><datafield ind1=" " ind2=" " tag="337"><subfield code="b">n</subfield><subfield code="2">rdamedia</subfield></datafield><datafield ind1=" " ind2=" " tag="338"><subfield code="b">nc</subfield><subfield code="2">rdacarrier</subfield></datafield><datafield ind1="1" ind2=" " tag="490"><subfield code="a">Bibliothèque historique vaudoise</subfield><subfield code="v">86</subfield></datafield><datafield ind1=" " ind2=" " tag="504"><subfield code="a">Bibliogr.: p. 159-174</subfield></datafield><datafield ind1="4" ind2=" " tag="510"><subfield code="a">Revue suisse d'histoire ; vol. 38, 1988 (Marius Michaud)</subfield></datafield><datafield ind1="4" ind2=" " tag="510"><subfield code="a">Revue historique vaudoise. - Lausanne. - 1988, p. 224-225 / Michel Steiner</subfield></datafield><datafield ind1="4" ind2=" " tag="510"><subfield code="a">Equinoxe (Lausanne) ; (1989) n⁰ 1, p. 138-141 (Pierre Jaquet)</subfield></datafield><datafield ind1="8" ind2=" " tag="520"><subfield code="a">Note: Centre de ralliement et d'action du mouvement révolutionnaire, Payerne attirent les villages vaudois voisins et la quasi-totalité des communes fribourgeoises qui appartenaient aux barons de Vaud.</subfield><subfield code="5">RERO/bfrc1</subfield><subfield code="5">RERO/bfr88</subfield><subfield code="5">RERO/25.07.1991/frbcuc/jpu</subfield></datafield><datafield ind1="8" ind2=" " tag="520"><subfield code="a">De cette situation historique sortira la tentative de l'éphémère canton de &quot;Sarine et Broye&quot;.</subfield><subfield code="5">RERO/bfrc1</subfield><subfield code="5">RERO/bfr88</subfield><subfield code="5">RERO/25.07.1991/frbcuc/jpu</subfield></datafield><datafield ind1="8" ind2=" " tag="520"><subfield code="a">Analyse: Centre de ralliement et d'action du mouvement révolutionnaire, Payerne attirent les villages vaudois voisins et la quasi-totalité des communes fribourgeoises appartenant aux barons de Vaud.</subfield><subfield code="5">RERO/22.05.1996/labcur/bs</subfield></datafield><datafield ind1=" " ind2="7" tag="648"><subfield code="a">Geschichte 1784-1798</subfield><subfield code="2">gnd</subfield></datafield><datafield ind1=" " ind2="4" tag="648"><subfield code="a">Geschichte 1784-1798</subfield></datafield><datafield ind1=" " ind2="7" tag="650"><subfield code="a">1789-1798</subfield><subfield code="2">rero</subfield></datafield><datafield ind1=" " ind2="7" tag="650"><subfield code="a">Revolution</subfield><subfield code="z">Waadt (1798)</subfield><subfield code="2">idsbb</subfield></datafield><datafield ind1=" " ind2="7" tag="651"><subfield code="a">Payerne (Suisse)</subfield><subfield code="0">(IDREF)027704262</subfield><subfield code="2">idref</subfield></datafield><datafield ind1=" " ind2="7" tag="651"><subfield code="a">Payerne</subfield><subfield code="0">(DE-588)4102930-6</subfield><subfield code="2">gnd</subfield></datafield><datafield ind1=" " ind2="0" tag="651"><subfield code="a">France</subfield><subfield code="x">Foreign relations</subfield><subfield code="z">Switzerland</subfield></datafield><datafield ind1=" " ind2="0" tag="651"><subfield code="a">France</subfield><subfield code="x">History</subfield><subfield code="y">Revolution, 1789-1799</subfield><subfield code="x">Influence</subfield></datafield><datafield ind1=" " ind2="0" tag="651"><subfield code="a">Payerne (Switzerland)</subfield><subfield code="x">History</subfield></datafield><datafield ind1=" " ind2="0" tag="651"><subfield code="a">Payerne (Switzerland)</subfield><subfield code="x">Politics and government</subfield></datafield><datafield ind1=" " ind2="0" tag="651"><subfield code="a">Switzerland</subfield><subfield code="x">Foreign relations</subfield><subfield code="z">France</subfield></datafield><datafield ind1=" " ind2="0" tag="651"><subfield code="a">Switzerland</subfield><subfield code="x">History</subfield><subfield code="y">1789-1815</subfield></datafield><datafield ind1=" " ind2="0" tag="651"><subfield code="a">Switzerland</subfield><subfield code="x">Politics and government</subfield><subfield code="y">1789-1815</subfield></datafield><datafield ind1=" " ind2="7" tag="651"><subfield code="a">Payerne</subfield><subfield code="y">Geschichte Helvetik</subfield><subfield code="2">idsbb</subfield></datafield><datafield ind1=" " ind2="7" tag="651"><subfield code="a">Waadt</subfield><subfield code="x">Politik</subfield><subfield code="y">Geschichte Helvetik</subfield><subfield code="2">idsbb</subfield></datafield><datafield ind1=" " ind2="4" tag="651"><subfield code="a">Payerne</subfield></datafield><datafield ind1=" " ind2=" " tag="690"><subfield code="a">Payerne</subfield><subfield code="2">uzb-Z9</subfield></datafield><datafield ind1=" " ind2=" " tag="690"><subfield code="a">Revolution / Einzelne Gebiete und Orte / Europa / Schweiz</subfield><subfield code="2">uzb-Z9</subfield></datafield><datafield ind1=" " ind2=" " tag="690"><subfield code="a">Waadt / Geschichte / Einzelne Zeiträume / Neuzeit / 1830- ersch.</subfield><subfield code="2">uzb-Z9</subfield></datafield><datafield ind1=" " ind2=" " tag="690"><subfield code="a">Payerne. Geschichte. 18. Jh. 1789/98</subfield><subfield code="2">rzs-L1</subfield></datafield><datafield ind1=" " ind2=" " tag="690"><subfield code="a">Revolutionen. Schweiz: Waadt-Kt.: Payerne. Geschichte. 18. Jh. 1789/98</subfield><subfield code="2">rzs-L1</subfield></datafield><datafield ind1=" " ind2="0" tag="830"><subfield code="a">Bibliothèque historique vaudoise</subfield><subfield code="v">86</subfield><subfield code="w">(NEBIS)000064944EBI01</subfield></datafield><datafield ind1=" " ind2="0" tag="830"><subfield code="a">Bibliothèque historique vaudoise</subfield><subfield code="v">86</subfield><subfield code="w">(RERO)0016255-41slsp</subfield></datafield><datafield ind1=" " ind2=" " tag="900"><subfield code="a">REROnoselfmerge</subfield></datafield><datafield ind1=" " ind2=" " tag="900"><subfield code="a">IDSZRMedeaZBZ</subfield></datafield><datafield ind1=" " ind2=" " tag="900"><subfield code="a">IDSBBnoselfmerge</subfield></datafield></record>
</metadata></record>