<record><header><identifier>oai:alma.41SLSP_UGE:991000041989705502</identifier><datestamp>2023-03-04T01:23:47Z</datestamp><setSpec>uge_bcen_RapidILL_BOOK</setSpec><setSpec>uge_aaca_RapidILL_BOOK</setSpec><setSpec>uge_abels_RapidILL_BOOK</setSpec><setSpec>uge_dbu_RapidILL_BOOK</setSpec><setSpec>uge_cmu_RapidILL_BOOK</setSpec><setSpec>uge_mail_RapidILL_BOOK</setSpec><setSpec>uge_abbat_RapidILL_BOOK</setSpec><setSpec>UNIGE_ALL</setSpec><setSpec>uge_acar_RapidILL_BOOK</setSpec><setSpec>uge_aobs_RapidILL_BOOK</setSpec></header><metadata>
<record xmlns="http://www.loc.gov/MARC21/slim" xmlns:xsi="http://www.w3.org/2001/XMLSchema-instance" xsi:schemaLocation="http://www.loc.gov/MARC21/slim http://www.loc.gov/standards/marcxml/schema/MARC21slim.xsd"><leader>01478nam a2200373 c 4500</leader><controlfield tag="001">991000041989705502</controlfield><controlfield tag="005">20230303212503.0</controlfield><controlfield tag="008">201012s1977    fr ||||| |||| 00| ||fre d</controlfield><datafield ind1=" " ind2=" " tag="020"><subfield code="a">271180075X</subfield></datafield><datafield ind1=" " ind2=" " tag="035"><subfield code="a">(swissbib)235138398-41slsp_network</subfield></datafield><datafield ind1=" " ind2=" " tag="035"><subfield code="a">235138398</subfield><subfield code="9">ExL</subfield></datafield><datafield ind1=" " ind2=" " tag="035"><subfield code="a">(RERO)0149730-41slsp</subfield></datafield><datafield ind1=" " ind2=" " tag="035"><subfield code="a">(NEBIS)004867063EBI01</subfield></datafield><datafield ind1=" " ind2=" " tag="035"><subfield code="a">(EXLNZ-41SLSP_NETWORK)991104544419705501</subfield></datafield><datafield ind1=" " ind2=" " tag="040"><subfield code="a">RERO</subfield><subfield code="d">CH-ZuSLS</subfield></datafield><datafield ind1=" " ind2="7" tag="072"><subfield code="a">ba</subfield><subfield code="2">rero</subfield></datafield><datafield ind1="0" ind2="0" tag="245"><subfield code="a">&lt;&lt;Le&gt;&gt; XVIIe siècle flamand au Louvre</subfield><subfield code="b">histoire des collections</subfield><subfield code="c">catalogue rédigé par Alain Roy</subfield></datafield><datafield ind1=" " ind2="1" tag="264"><subfield code="a">Paris</subfield><subfield code="b">Ed. des Musées nationaux</subfield><subfield code="c">1977</subfield></datafield><datafield ind1=" " ind2=" " tag="300"><subfield code="a">60 p.</subfield><subfield code="b">ill. en noir</subfield><subfield code="c">16 × 16 cm</subfield></datafield><datafield ind1=" " ind2=" " tag="336"><subfield code="b">txt</subfield><subfield code="2">rdacontent</subfield></datafield><datafield ind1=" " ind2=" " tag="337"><subfield code="b">n</subfield><subfield code="2">rdamedia</subfield></datafield><datafield ind1=" " ind2=" " tag="338"><subfield code="b">nc</subfield><subfield code="2">rdacarrier</subfield></datafield><datafield ind1="1" ind2=" " tag="490"><subfield code="a">Les dossiers du Département des peintures</subfield><subfield code="v">14</subfield></datafield><datafield ind1=" " ind2=" " tag="500"><subfield code="a">Catalogue d'exposition, Musée du Louvre. 26 novembre 1977 - 27 mars 1978</subfield></datafield><datafield ind1=" " ind2=" " tag="500"><subfield code="a">Exposition. Paris. Musée du Louvre. 1977-1978</subfield></datafield><datafield ind1=" " ind2=" " tag="500"><subfield code="a">Erscheint zur Ausstellung: Paris, Musée du Louvre, 1977</subfield></datafield><datafield ind1="2" ind2="7" tag="610"><subfield code="a">Musée du Louvre</subfield><subfield code="g">Paris</subfield><subfield code="0">(IDREF)026394677</subfield><subfield code="2">idref</subfield></datafield><datafield ind1=" " ind2="7" tag="650"><subfield code="a">Peinture flamande</subfield><subfield code="0">(IDREF)02729952X</subfield><subfield code="2">idref</subfield></datafield><datafield ind1=" " ind2="7" tag="650"><subfield code="a">17e siècle</subfield><subfield code="0">(IDREF)027794040</subfield><subfield code="2">idref</subfield></datafield><datafield ind1=" " ind2="7" tag="655"><subfield code="a">Ausstellungskatalog</subfield><subfield code="z">Paris</subfield><subfield code="y">1977</subfield><subfield code="2">gnd-content</subfield></datafield><datafield ind1="1" ind2=" " tag="700"><subfield code="a">Roy, Alain</subfield><subfield code="d">1942-</subfield><subfield code="0">(RERO)A023984843</subfield></datafield><datafield ind1="2" ind2=" " tag="710"><subfield code="a">Musée du Louvre</subfield><subfield code="0">(DE-588)1006837-5</subfield></datafield><datafield ind1=" " ind2=" " tag="830"><subfield code="a">&lt;&lt;Les&gt;&gt; dossiers du Département des peintures</subfield><subfield code="v">14</subfield><subfield code="w">(RERO)0027556-41slsp</subfield></datafield><datafield ind1=" " ind2=" " tag="900"><subfield code="a">REROnoselfmerge</subfield></datafield><datafield ind1=" " ind2=" " tag="900"><subfield code="a">IDSERMedeaSIK</subfield></datafield><datafield ind1=" " ind2=" " tag="993"><subfield code="a">BFLA 174613</subfield><subfield code="x">ge/ulha/d</subfield><subfield code="9">LOCAL</subfield></datafield></record>
</metadata></record>