<record><header><identifier>oai:alma.41SLSP_UGE:991000041359705502</identifier><datestamp>2024-03-30T01:14:34Z</datestamp><setSpec>uge_bcen_RapidILL_BOOK</setSpec><setSpec>uge_aaca_RapidILL_BOOK</setSpec><setSpec>uge_abels_RapidILL_BOOK</setSpec><setSpec>uge_dbu_RapidILL_BOOK</setSpec><setSpec>uge_cmu_RapidILL_BOOK</setSpec><setSpec>uge_mail_RapidILL_BOOK</setSpec><setSpec>uge_abbat_RapidILL_BOOK</setSpec><setSpec>UNIGE_ALL</setSpec><setSpec>uge_aobs_RapidILL_BOOK</setSpec><setSpec>uge_acar_RapidILL_BOOK</setSpec></header><metadata>
<record xmlns="http://www.loc.gov/MARC21/slim" xmlns:xsi="http://www.w3.org/2001/XMLSchema-instance" xsi:schemaLocation="http://www.loc.gov/MARC21/slim http://www.loc.gov/standards/marcxml/schema/MARC21slim.xsd"><leader>03218nam a2200493 c 4500</leader><controlfield tag="001">991000041359705502</controlfield><controlfield tag="005">20230315212933.0</controlfield><controlfield tag="008">181002s2018    fr  |||| |||| 000 ||fre d</controlfield><datafield ind1=" " ind2=" " tag="020"><subfield code="a">9782501124034</subfield><subfield code="q">br.</subfield><subfield code="c">15,90 EUR</subfield></datafield><datafield ind1="7" ind2=" " tag="024"><subfield code="a">http://catalogue.bnf.fr/ark:/12148/cb45588809x</subfield><subfield code="2">uri</subfield></datafield><datafield ind1=" " ind2=" " tag="035"><subfield code="a">(swissbib)125126298-41slsp_network</subfield></datafield><datafield ind1=" " ind2=" " tag="035"><subfield code="a">125126298</subfield><subfield code="9">ExL</subfield></datafield><datafield ind1=" " ind2=" " tag="035"><subfield code="a">(RERO)R008847638-41slsp</subfield></datafield><datafield ind1=" " ind2=" " tag="035"><subfield code="a">(EXLNZ-41SLSP_NETWORK)991021632839705501</subfield></datafield><datafield ind1=" " ind2=" " tag="040"><subfield code="a">FRBNF</subfield><subfield code="d">CH-ZuSLS</subfield></datafield><datafield ind1=" " ind2="7" tag="072"><subfield code="a">ps</subfield><subfield code="2">rero</subfield></datafield><datafield ind1=" " ind2="7" tag="072"><subfield code="a">me</subfield><subfield code="2">rero</subfield></datafield><datafield ind1="7" ind2="4" tag="082"><subfield code="a">150</subfield><subfield code="2">23sdnb</subfield></datafield><datafield ind1="1" ind2=" " tag="100"><subfield code="a">Duflo, Sabine</subfield><subfield code="c">psychologue clinicienne et thérapeute familiale</subfield><subfield code="d">19..</subfield><subfield code="0">(IDREF)231067615</subfield><subfield code="4">aut</subfield></datafield><datafield ind1="1" ind2="0" tag="245"><subfield code="a">Quand les écrans deviennent neurotoxiques</subfield><subfield code="c">Sabine Duflo</subfield></datafield><datafield ind1=" " ind2="1" tag="264"><subfield code="a">Paris</subfield><subfield code="b">Marabout</subfield><subfield code="c">[2018]</subfield></datafield><datafield ind1=" " ind2="4" tag="264"><subfield code="a">© 2018</subfield></datafield><datafield ind1=" " ind2=" " tag="300"><subfield code="a">254 pages</subfield></datafield><datafield ind1=" " ind2=" " tag="336"><subfield code="b">txt</subfield><subfield code="2">rdacontent</subfield></datafield><datafield ind1=" " ind2=" " tag="337"><subfield code="b">n</subfield><subfield code="2">rdamedia</subfield></datafield><datafield ind1=" " ind2=" " tag="338"><subfield code="b">nc</subfield><subfield code="2">rdacarrier</subfield></datafield><datafield ind1=" " ind2=" " tag="385"><subfield code="a">Harmos1</subfield><subfield code="2">rero</subfield></datafield><datafield ind1=" " ind2=" " tag="385"><subfield code="a">Harmos2</subfield><subfield code="2">rero</subfield></datafield><datafield ind1=" " ind2=" " tag="385"><subfield code="a">Harmos3</subfield><subfield code="2">rero</subfield></datafield><datafield ind1=" " ind2=" " tag="385"><subfield code="a">Harmos4</subfield><subfield code="2">rero</subfield></datafield><datafield ind1=" " ind2=" " tag="385"><subfield code="a">Harmos5</subfield><subfield code="2">rero</subfield></datafield><datafield ind1=" " ind2=" " tag="385"><subfield code="a">Harmos6</subfield><subfield code="2">rero</subfield></datafield><datafield ind1=" " ind2=" " tag="385"><subfield code="a">Harmos7</subfield><subfield code="2">rero</subfield></datafield><datafield ind1=" " ind2=" " tag="385"><subfield code="a">Harmos8</subfield><subfield code="2">rero</subfield></datafield><datafield ind1="8" ind2=" " tag="520"><subfield code="a">TROUBLES DE L'ATTENTION, RETARDS DE LANGAGE, ABSENCE DE SOCIABILITÉ, HYPERACTIVITÉ : SORTEZ VOTRE ENFANT DE SON ADDICTION AUX ÉCRANS ! Votre enfant a du mal à se concentrer et paraît en permanence dans sa bulle ? Rien ne semble l'intéresser en dehors de sa tablette ou de votre smartphone, il s'énerve facilement et peut se montrer violent ?Et si le problème venait d'une surexposition aux écrans ? Il en faut peu pour rendre son enfant accro aux écrans : une télévision allumée en permanence, des dessins animés pour lui faire avaler ses repas, des jeux sur applications pour &lt;&lt; stimuler &gt;&gt; son éveil ou obtenir un moment de paix, l'exemple de ses parents rivés sur leur smartphone ou leurs jeux vidéo etc. Les centres médicaux-psychologiques sont aujourd'hui assaillis d'enfants addicts aux écrans dès le berceau, souffrant de troubles massifs de l'attention, et même de symptômes graves évoquant l'autisme: retards de langage, grande agitation, défaut de sociabilité, comportements parfois violents. À travers de nombreux cas de patients et en expliquant les processus qui mènent aux différents symptômes, Sabine Duflo, psychologue, pousse un cri d'alerte : les écrans sont des retardateurs puissants de développement. Elle expose sa fameuse méthode des &lt;&lt; 4 Pas &gt;&gt; qui permet à l'enfant de s'approprier l'écran sans en devenir captif, méthode qui connaît un vif succès auprès des professionnels de l'enfance. -- éditeur</subfield></datafield><datafield ind1=" " ind2="7" tag="650"><subfield code="a">Dépendance (psychologie)</subfield><subfield code="0">(IDREF)027843580</subfield><subfield code="2">idref</subfield></datafield><datafield ind1=" " ind2="7" tag="650"><subfield code="a">Lecture sur écran</subfield><subfield code="0">(IDREF)056556357</subfield><subfield code="2">idref</subfield></datafield><datafield ind1=" " ind2="7" tag="650"><subfield code="a">Enfants internautes</subfield><subfield code="0">(IDREF)059302216</subfield><subfield code="2">idref</subfield></datafield><datafield ind1=" " ind2="7" tag="650"><subfield code="a">Ordinateurs</subfield><subfield code="0">(IDREF)027338231</subfield><subfield code="2">idref</subfield></datafield><datafield ind1=" " ind2="7" tag="650"><subfield code="a">Enfants</subfield><subfield code="0">(IDREF)027233278</subfield><subfield code="2">idref</subfield></datafield><datafield ind1=" " ind2="7" tag="650"><subfield code="a">Dépendance à Internet</subfield><subfield code="0">(IDREF)11703889X</subfield><subfield code="2">idref</subfield></datafield><datafield ind1=" " ind2="7" tag="650"><subfield code="a">Technologies de l'information et de la communication</subfield><subfield code="0">(IDREF)052499103</subfield><subfield code="2">idref</subfield></datafield><datafield ind1=" " ind2="7" tag="655"><subfield code="a">[Études diverses]</subfield><subfield code="0">(RERO)A022249905</subfield><subfield code="2">rero</subfield></datafield><datafield ind1=" " ind2=" " tag="900"><subfield code="a">REROnoselfmerge</subfield></datafield><datafield ind1=" " ind2=" " tag="910"><subfield code="a">BNF</subfield><subfield code="b">20181002</subfield><subfield code="c">Réutilisation sous conditions: Licence ouverte Etalab</subfield></datafield></record>
</metadata></record>