<record><header><identifier>oai:alma.41SLSP_UGE:991000041879705502</identifier><datestamp>2024-06-28T00:09:17Z</datestamp><setSpec>uge_bcen_RapidILL_BOOK</setSpec><setSpec>uge_aaca_RapidILL_BOOK</setSpec><setSpec>uge_abels_RapidILL_BOOK</setSpec><setSpec>uge_dbu_RapidILL_BOOK</setSpec><setSpec>uge_cmu_RapidILL_BOOK</setSpec><setSpec>uge_mail_RapidILL_BOOK</setSpec><setSpec>uge_abbat_RapidILL_BOOK</setSpec><setSpec>UNIGE_ALL</setSpec><setSpec>uge_aobs_RapidILL_BOOK</setSpec><setSpec>uge_acar_RapidILL_BOOK</setSpec></header><metadata>
<record xmlns="http://www.loc.gov/MARC21/slim" xmlns:xsi="http://www.w3.org/2001/XMLSchema-instance" xsi:schemaLocation="http://www.loc.gov/MARC21/slim http://www.loc.gov/standards/marcxml/schema/MARC21slim.xsd"><leader>01601nam a2200397 c 4500</leader><controlfield tag="001">991000041879705502</controlfield><controlfield tag="005">20240627085254.0</controlfield><controlfield tag="008">201011s1985    po       b   f000 0 por d</controlfield><datafield ind1=" " ind2=" " tag="035"><subfield code="a">(swissbib)228935709-41slsp_network</subfield></datafield><datafield ind1=" " ind2=" " tag="035"><subfield code="a">228935709</subfield><subfield code="9">ExL</subfield></datafield><datafield ind1=" " ind2=" " tag="035"><subfield code="a">(RERO)R008951013-41slsp</subfield></datafield><datafield ind1=" " ind2=" " tag="035"><subfield code="a">(IDSBB)004616980DSV01</subfield></datafield><datafield ind1=" " ind2=" " tag="035"><subfield code="a">(NEBIS)003176146EBI01</subfield></datafield><datafield ind1=" " ind2=" " tag="035"><subfield code="a">(EXLNZ-41SLSP_NETWORK)991067890909705501</subfield></datafield><datafield ind1=" " ind2=" " tag="040"><subfield code="a">DLC</subfield><subfield code="d">CH-ZuSLS</subfield></datafield><datafield ind1="0" ind2="0" tag="050"><subfield code="a">QB33.P8</subfield><subfield code="b">C37 1985</subfield></datafield><datafield ind1=" " ind2="7" tag="072"><subfield code="a">es</subfield><subfield code="2">rero</subfield></datafield><datafield ind1="0" ind2="0" tag="082"><subfield code="a">520/.9469</subfield><subfield code="2">19</subfield></datafield><datafield ind1="1" ind2=" " tag="100"><subfield code="a">Carvalho, Rómulo &lt;&lt;de&gt;&gt;</subfield><subfield code="d">1906-1997</subfield><subfield code="0">(DE-588)13389987X</subfield><subfield code="6">880-01</subfield></datafield><datafield ind1="1" ind2=" " tag="880"><subfield code="a">Carvalho, Rómulo de</subfield><subfield code="0">(RERO)A012672535</subfield><subfield code="4">aut</subfield><subfield code="6">100-01</subfield></datafield><datafield ind1="1" ind2="0" tag="245"><subfield code="a">&lt;&lt;A&gt;&gt; astronomia em Portugal no século XVIII</subfield><subfield code="c">Rómulo de Carvalho</subfield></datafield><datafield ind1=" " ind2="1" tag="264"><subfield code="a">Lisboa</subfield><subfield code="b">Instituto de Cultura e Língua Portuguesa, Ministério da Educação</subfield><subfield code="a">Amadora, Portugal</subfield><subfield code="b">Distribuição comercial, Livraria Bertrand</subfield><subfield code="c">1985</subfield></datafield><datafield ind1=" " ind2=" " tag="300"><subfield code="a">121 p.</subfield><subfield code="c">20 cm</subfield></datafield><datafield ind1=" " ind2=" " tag="336"><subfield code="b">txt</subfield><subfield code="2">rdacontent</subfield></datafield><datafield ind1=" " ind2=" " tag="337"><subfield code="b">n</subfield><subfield code="2">rdamedia</subfield></datafield><datafield ind1=" " ind2=" " tag="338"><subfield code="b">nc</subfield><subfield code="2">rdacarrier</subfield></datafield><datafield ind1="1" ind2=" " tag="490"><subfield code="a">Biblioteca breve</subfield><subfield code="v">100.</subfield><subfield code="a">Série Pensamento e ciência</subfield></datafield><datafield ind1=" " ind2=" " tag="504"><subfield code="a">Bibliography: p. 115</subfield></datafield><datafield ind1=" " ind2="7" tag="648"><subfield code="a">Geschichte 1700-1800</subfield><subfield code="2">gnd</subfield></datafield><datafield ind1=" " ind2="0" tag="650"><subfield code="a">Astronomy</subfield><subfield code="z">Portugal</subfield><subfield code="x">History</subfield></datafield><datafield ind1=" " ind2="7" tag="650"><subfield code="a">Astronomie</subfield><subfield code="0">(DE-588)4003311-9</subfield><subfield code="2">gnd</subfield></datafield><datafield ind1=" " ind2="7" tag="651"><subfield code="a">Portugal</subfield><subfield code="0">(DE-588)4046843-4</subfield><subfield code="2">gnd</subfield></datafield><datafield ind1=" " ind2=" " tag="690"><subfield code="a">Portugal / Wissenschaft</subfield><subfield code="2">uzb-Z9</subfield></datafield><datafield ind1=" " ind2="0" tag="830"><subfield code="a">Biblioteca breve</subfield><subfield code="p">Ministério da Educação e Cultura</subfield><subfield code="v">100</subfield><subfield code="w">(RERO)0914231-41slsp</subfield></datafield><datafield ind1=" " ind2="0" tag="830"><subfield code="a">Biblioteca breve</subfield><subfield code="p">Série Pensamento e ciência</subfield><subfield code="v">100</subfield><subfield code="w">(IDSBB)004595846DSV01</subfield></datafield><datafield ind1=" " ind2="0" tag="830"><subfield code="a">Biblioteca breve</subfield><subfield code="v">100</subfield><subfield code="w">(NEBIS)001001946EBI01</subfield></datafield><datafield ind1=" " ind2=" " tag="900"><subfield code="a">IDSZRMedeaZBZ</subfield><subfield code="c">IDSZRsjö</subfield></datafield><datafield ind1=" " ind2=" " tag="993"><subfield code="a">BFLA 290593</subfield><subfield code="x">ge/ulpo/d/19/CEL</subfield><subfield code="9">LOCAL</subfield></datafield></record>
</metadata></record>