<record><header><identifier>oai:alma.41SLSP_UGE:991000041259705502</identifier><datestamp>2023-03-01T01:09:11Z</datestamp><setSpec>UNIGE_ALL</setSpec></header><metadata>
<record xmlns="http://www.loc.gov/MARC21/slim" xmlns:xsi="http://www.w3.org/2001/XMLSchema-instance" xsi:schemaLocation="http://www.loc.gov/MARC21/slim http://www.loc.gov/standards/marcxml/schema/MARC21slim.xsd"><leader>01160njm a22003137c 4500</leader><controlfield tag="001">991000041259705502</controlfield><controlfield tag="005">20210207113144.0</controlfield><controlfield tag="007">sd b||||||||||</controlfield><controlfield tag="008">110122nuuuuuuuuxx ||n |            und d</controlfield><datafield ind1="0" ind2="2" tag="028"><subfield code="a">Westminster PWN 286</subfield></datafield><datafield ind1=" " ind2=" " tag="035"><subfield code="a">(swissbib)113538960-41slsp_network</subfield></datafield><datafield ind1=" " ind2=" " tag="035"><subfield code="a">113538960</subfield><subfield code="9">ExL</subfield></datafield><datafield ind1=" " ind2=" " tag="035"><subfield code="a">(RERO)R006018713-41slsp</subfield></datafield><datafield ind1=" " ind2=" " tag="035"><subfield code="a">(EXLNZ-41SLSP_NETWORK)991017529509705501</subfield></datafield><datafield ind1=" " ind2=" " tag="040"><subfield code="a">RERO geulmu</subfield><subfield code="d">CH-ZuSLS</subfield></datafield><datafield ind1=" " ind2="7" tag="072"><subfield code="a">mu</subfield><subfield code="2">rero</subfield></datafield><datafield ind1="1" ind2=" " tag="100"><subfield code="a">Dvořák, Antonín</subfield><subfield code="d">1841-1904</subfield><subfield code="0">(IDREF)030222613</subfield><subfield code="4">cre</subfield></datafield><datafield ind1="1" ind2="0" tag="245"><subfield code="a">Konzert für Violoncello und Orchester h-moll op. 104</subfield><subfield code="c">Antonín Dvorák</subfield></datafield><datafield ind1=" " ind2="1" tag="264"><subfield code="a">[Lieu de publication non identifié]</subfield><subfield code="b">[éditeur non identifié]</subfield><subfield code="c">[date de publication non identifiée]</subfield></datafield><datafield ind1=" " ind2=" " tag="300"><subfield code="a">1 disque sonore</subfield><subfield code="b">33 t.</subfield></datafield><datafield ind1=" " ind2=" " tag="336"><subfield code="b">prm</subfield><subfield code="2">rdacontent</subfield></datafield><datafield ind1=" " ind2=" " tag="337"><subfield code="b">s</subfield><subfield code="2">rdamedia</subfield></datafield><datafield ind1=" " ind2=" " tag="338"><subfield code="b">sd</subfield><subfield code="2">rdacarrier</subfield></datafield><datafield ind1="0" ind2=" " tag="490"><subfield code="a">Silber Serie</subfield></datafield><datafield ind1=" " ind2=" " tag="500"><subfield code="a">Formation: violoncelle, orchestre symphonique</subfield></datafield><datafield ind1="0" ind2=" " tag="505"><subfield code="a">[Concertos. Violoncelle, orchestre. Op. 104. Si mineur]</subfield></datafield><datafield ind1="1" ind2=" " tag="700"><subfield code="a">Dixon, Dean</subfield><subfield code="d">1915-1976</subfield><subfield code="0">(IDREF)174588909</subfield></datafield><datafield ind1="1" ind2=" " tag="700"><subfield code="a">Janigro, Antonio</subfield><subfield code="d">1918-1989</subfield><subfield code="0">(IDREF)079964117</subfield></datafield><datafield ind1="2" ind2=" " tag="710"><subfield code="a">Staatsoper</subfield><subfield code="g">Vienne</subfield><subfield code="b">Orchester</subfield><subfield code="0">(IDREF)080564054</subfield></datafield><datafield ind1=" " ind2=" " tag="900"><subfield code="a">REROnoselfmerge</subfield></datafield><datafield ind1=" " ind2=" " tag="960"><subfield code="2">matmu</subfield><subfield code="a">Czech ; XIXeme ; concerto</subfield><subfield code="9">LOCAL</subfield></datafield></record>
</metadata></record>