<record><header><identifier>oai:alma.41SLSP_UGE:991000041279705502</identifier><datestamp>2023-04-17T00:12:38Z</datestamp><setSpec>uge_bcen_RapidILL_BOOK</setSpec><setSpec>uge_aaca_RapidILL_BOOK</setSpec><setSpec>uge_abels_RapidILL_BOOK</setSpec><setSpec>uge_dbu_RapidILL_BOOK</setSpec><setSpec>uge_cmu_RapidILL_BOOK</setSpec><setSpec>uge_mail_RapidILL_BOOK</setSpec><setSpec>uge_abbat_RapidILL_BOOK</setSpec><setSpec>UNIGE_ALL</setSpec><setSpec>uge_aobs_RapidILL_BOOK</setSpec><setSpec>uge_acar_RapidILL_BOOK</setSpec></header><metadata>
<record xmlns="http://www.loc.gov/MARC21/slim" xmlns:xsi="http://www.w3.org/2001/XMLSchema-instance" xsi:schemaLocation="http://www.loc.gov/MARC21/slim http://www.loc.gov/standards/marcxml/schema/MARC21slim.xsd"><leader>02705nam a2200505 c 4500</leader><controlfield tag="001">991000041279705502</controlfield><controlfield tag="005">20230416101906.0</controlfield><controlfield tag="008">201012s2017    it ||||| |||| 00| ||ita d</controlfield><datafield ind1=" " ind2=" " tag="020"><subfield code="a">8876676201</subfield></datafield><datafield ind1=" " ind2=" " tag="020"><subfield code="a">9788876676208</subfield></datafield><datafield ind1=" " ind2=" " tag="035"><subfield code="a">(swissbib)236276840-41slsp_network</subfield></datafield><datafield ind1=" " ind2=" " tag="035"><subfield code="a">236276840</subfield><subfield code="9">ExL</subfield></datafield><datafield ind1=" " ind2=" " tag="035"><subfield code="a">(RERO)R008659720-41slsp</subfield></datafield><datafield ind1=" " ind2=" " tag="035"><subfield code="a">(NEBIS)010927372EBI01</subfield></datafield><datafield ind1=" " ind2=" " tag="035"><subfield code="a">(IDSBB)006692669DSV01</subfield></datafield><datafield ind1=" " ind2=" " tag="035"><subfield code="a">(SBT)000871068SBT01</subfield></datafield><datafield ind1=" " ind2=" " tag="035"><subfield code="a">(EXLNZ-41SLSP_NETWORK)991155471949705501</subfield></datafield><datafield ind1=" " ind2=" " tag="040"><subfield code="a">C3L</subfield><subfield code="b">eng</subfield><subfield code="e">rda</subfield><subfield code="d">CH-ZuSLS</subfield></datafield><datafield ind1=" " ind2="4" tag="050"><subfield code="a">PQ</subfield></datafield><datafield ind1=" " ind2="7" tag="072"><subfield code="a">it</subfield><subfield code="2">rero</subfield></datafield><datafield ind1="1" ind2="4" tag="082"><subfield code="a">850</subfield><subfield code="2">15</subfield></datafield><datafield ind1="1" ind2=" " tag="100"><subfield code="a">Marcozzi, Luca</subfield><subfield code="d">1970-</subfield><subfield code="0">(DE-588)138405441</subfield><subfield code="4">aut</subfield><subfield code="6">880-01</subfield></datafield><datafield ind1="1" ind2=" " tag="880"><subfield code="6">100-01</subfield><subfield code="a">Marcozzi, Luca</subfield><subfield code="d">1970-....</subfield><subfield code="0">(IDREF)069843309</subfield><subfield code="4">cre</subfield></datafield><datafield ind1="1" ind2="0" tag="245"><subfield code="a">Bembo</subfield><subfield code="c">Luca Marcozzi</subfield></datafield><datafield ind1=" " ind2="1" tag="264"><subfield code="a">Firenze</subfield><subfield code="b">Franco Cesati</subfield><subfield code="c">2017</subfield></datafield><datafield ind1=" " ind2=" " tag="300"><subfield code="a">129 pages</subfield><subfield code="c">19 cm</subfield></datafield><datafield ind1=" " ind2=" " tag="336"><subfield code="b">txt</subfield><subfield code="2">rdacontent</subfield></datafield><datafield ind1=" " ind2=" " tag="337"><subfield code="b">n</subfield><subfield code="2">rdamedia</subfield></datafield><datafield ind1=" " ind2=" " tag="338"><subfield code="b">nc</subfield><subfield code="2">rdacarrier</subfield></datafield><datafield ind1="1" ind2=" " tag="490"><subfield code="a">Pillole. Letteratura</subfield><subfield code="v">2</subfield></datafield><datafield ind1=" " ind2=" " tag="500"><subfield code="a">L. Marcozzi teaches at the University of Roma Tre</subfield></datafield><datafield ind1=" " ind2=" " tag="500"><subfield code="a">Pietro Bembo (1470-1547)</subfield></datafield><datafield ind1=" " ind2=" " tag="504"><subfield code="a">Includes bibliographical references (pages 125-129)</subfield></datafield><datafield ind1=" " ind2=" " tag="520"><subfield code="a">Il nome di Pietro Bembo risalta nel finale del Furioso di Ludovico Ariosto tra parole di sincera lode rivolte a uno dei più geniali uomini del tempo. Nella sua lunga vita (1470-1547), Bembo fu poeta ammìratissimo e uomo di lettere tra i più stimati; a lui si devono la fondazione della prosa italiana moderna, la codificazione della lingua letteraria, la nascita del classicismo lirico, imitato poi in tutta Europa. Ma fu anche un uomo dalla personalità complessa: patrizio veneto e illustre umanista, raffinato cortigiano e audace editore, potente cardinale e cantore appassionato del sentimento d'amore. Questo profilo ripercorre le varie fasi della sua vita e della sua carriera, e grazie a un'attenta analisi di dati ricchi e suggestivi, ne disegna un nuovo e più completo ritratto.</subfield><subfield code="5">SBT/14.09.2017/BUL/CC</subfield></datafield><datafield ind1="1" ind2="7" tag="600"><subfield code="a">Bembo, Pietro</subfield><subfield code="d">1470-1547</subfield><subfield code="0">(IDREF)026716844</subfield><subfield code="2">idref</subfield></datafield><datafield ind1="1" ind2="7" tag="600"><subfield code="a">Bembo, Pietro</subfield><subfield code="d">1470-1547</subfield><subfield code="0">(DE-588)118658115</subfield><subfield code="2">gnd</subfield></datafield><datafield ind1=" " ind2="7" tag="650"><subfield code="a">Bembo, Pietro</subfield><subfield code="2">scbi</subfield></datafield><datafield ind1=" " ind2="7" tag="655"><subfield code="a">Biografie</subfield><subfield code="2">gnd-content</subfield></datafield><datafield ind1=" " ind2=" " tag="691"><subfield code="e">858.3</subfield><subfield code="a">Scritti miscellanei italiani, 1492-1542</subfield><subfield code="2">usi-TE</subfield></datafield><datafield ind1="4" ind2=" " tag="856"><subfield code="3">Titelblatt und Inhaltsverzeichnis</subfield><subfield code="u">https://toc.library.ethz.ch/objects/pdf03/z01_978-88-7667-620-8_01.pdf</subfield><subfield code="q">pdf</subfield></datafield><datafield ind1=" " ind2="0" tag="830"><subfield code="a">Pillole letteratura</subfield><subfield code="v">2</subfield><subfield code="w">(IDSBB)006679207DSV01</subfield></datafield><datafield ind1=" " ind2="0" tag="830"><subfield code="a">Pillole</subfield><subfield code="p">Letteratura</subfield><subfield code="v">2</subfield><subfield code="w">(NEBIS)010927601EBI01</subfield></datafield><datafield ind1=" " ind2="0" tag="830"><subfield code="a">Pillole</subfield><subfield code="v">2</subfield><subfield code="w">(SBT)000871067SBT01</subfield></datafield><datafield ind1=" " ind2=" " tag="900"><subfield code="a">IDSZ2zbzmon201706f</subfield><subfield code="c">IDSZ2rein</subfield><subfield code="d">IDSZ2zbzswk201712g</subfield><subfield code="e">IDSZ2kara</subfield></datafield><datafield ind1=" " ind2=" " tag="900"><subfield code="a">Stoppsignal FRED</subfield></datafield><datafield ind1=" " ind2=" " tag="949"><subfield code="a">https://toc.library.ethz.ch/objects/pdf03/z01_978-88-7667-620-8_01.pdf</subfield></datafield><datafield ind1=" " ind2=" " tag="993"><subfield code="a">BFLA 278137</subfield><subfield code="x">ge/ulit/a/17/347</subfield><subfield code="9">LOCAL</subfield></datafield></record>
</metadata></record>