<record><header><identifier>oai:alma.41SLSP_UGE:991000041799705502</identifier><datestamp>2023-06-26T00:15:08Z</datestamp><setSpec>UNIGE_ALL</setSpec></header><metadata>
<record xmlns="http://www.loc.gov/MARC21/slim" xmlns:xsi="http://www.w3.org/2001/XMLSchema-instance" xsi:schemaLocation="http://www.loc.gov/MARC21/slim http://www.loc.gov/standards/marcxml/schema/MARC21slim.xsd"><leader>01513ngm a2200325 c 4500</leader><controlfield tag="001">991000041799705502</controlfield><controlfield tag="005">20230625102512.0</controlfield><controlfield tag="007">vd |v||||</controlfield><controlfield tag="008">000912s1980    fr ||| |          v|fre d</controlfield><datafield ind1=" " ind2=" " tag="035"><subfield code="a">(swissbib)094992754-41slsp_network</subfield></datafield><datafield ind1=" " ind2=" " tag="035"><subfield code="a">094992754</subfield><subfield code="9">ExL</subfield></datafield><datafield ind1=" " ind2=" " tag="035"><subfield code="a">(RERO)R259203360-41slsp</subfield></datafield><datafield ind1=" " ind2=" " tag="035"><subfield code="a">(EXLNZ-41SLSP_NETWORK)991126017389705501</subfield></datafield><datafield ind1=" " ind2=" " tag="040"><subfield code="a">RERO geumem</subfield><subfield code="d">CH-ZuSLS</subfield></datafield><datafield ind1=" " ind2="7" tag="072"><subfield code="a">ht</subfield><subfield code="2">rero</subfield></datafield><datafield ind1="0" ind2="0" tag="245"><subfield code="a">Nathan de Tel-Aviv</subfield><subfield code="c">réal. Jean-Marc Leblon ; avec la collab. de Esther Shamash, Aaron Axelrod</subfield></datafield><datafield ind1=" " ind2="1" tag="264"><subfield code="a">[Paris]</subfield><subfield code="b">TF1</subfield><subfield code="b">Pathé Cinéma [prod.]</subfield><subfield code="c">1980</subfield></datafield><datafield ind1=" " ind2=" " tag="300"><subfield code="a">1 DVD-R (55 min)</subfield></datafield><datafield ind1=" " ind2=" " tag="336"><subfield code="b">tdi</subfield><subfield code="2">rdacontent</subfield></datafield><datafield ind1=" " ind2=" " tag="337"><subfield code="b">v</subfield><subfield code="2">rdamedia</subfield></datafield><datafield ind1=" " ind2=" " tag="338"><subfield code="b">vd</subfield><subfield code="2">rdacarrier</subfield></datafield><datafield ind1="0" ind2=" " tag="490"><subfield code="a">Trésors des cinémathèques</subfield></datafield><datafield ind1=" " ind2=" " tag="500"><subfield code="a">Diffusé sur TF1, le 29 septembre 1980</subfield></datafield><datafield ind1=" " ind2=" " tag="500"><subfield code="a">Images d'archives</subfield></datafield><datafield ind1=" " ind2=" " tag="508"><subfield code="a">Image Hubert Lhommelais ; montage Marcelle Lioret ; son Marcel Amsellem ; ill. sonore Betty Willemetz</subfield></datafield><datafield ind1="8" ind2=" " tag="520"><subfield code="a">Juif russe, Nathan Axelrod arrive en Palestine en 1927. Une année plus tard, il achète une caméra et commence à filmer des bouts de films et des publicités, avant de créer les premières actualités cinématographiques du pays. Témoin privilégié, il aura suivi la difficile gestation d'un état naissant : Israël.</subfield><subfield code="5">RERO/geumed/10.1999</subfield></datafield><datafield ind1=" " ind2="7" tag="651"><subfield code="a">Palestine (protectorat)</subfield><subfield code="0">(RERO)A010016101</subfield><subfield code="2">rero</subfield></datafield><datafield ind1=" " ind2="7" tag="655"><subfield code="a">DVD</subfield><subfield code="2">idref</subfield><subfield code="0">(IDREF)035108444</subfield></datafield><datafield ind1="1" ind2=" " tag="700"><subfield code="a">Leblon, Jean-Marc</subfield><subfield code="0">(RERO)A003505478</subfield></datafield><datafield ind1="1" ind2=" " tag="700"><subfield code="a">Shamash, Esther</subfield><subfield code="0">(RERO)A005907846</subfield></datafield><datafield ind1="1" ind2=" " tag="700"><subfield code="a">Axelrod, Aaron</subfield><subfield code="0">(RERO)A005907847</subfield></datafield></record>
</metadata></record>