<record><header><identifier>oai:alma.41SLSP_UGE:991000041069705502</identifier><datestamp>2024-11-19T01:08:48Z</datestamp><setSpec>uge_bcen_RapidILL_BOOK</setSpec><setSpec>uge_aaca_RapidILL_BOOK</setSpec><setSpec>uge_abels_RapidILL_BOOK</setSpec><setSpec>uge_dbu_RapidILL_BOOK</setSpec><setSpec>uge_cmu_RapidILL_BOOK</setSpec><setSpec>uge_mail_RapidILL_BOOK</setSpec><setSpec>UNIGE_ALL</setSpec><setSpec>uge_abbat_RapidILL_BOOK</setSpec><setSpec>uge_acar_RapidILL_BOOK</setSpec><setSpec>uge_aobs_RapidILL_BOOK</setSpec></header><metadata>
<record xmlns="http://www.loc.gov/MARC21/slim" xmlns:xsi="http://www.w3.org/2001/XMLSchema-instance" xsi:schemaLocation="http://www.loc.gov/MARC21/slim http://www.loc.gov/standards/marcxml/schema/MARC21slim.xsd"><leader>02294nam a2200481 ca4500</leader><controlfield tag="001">991000041069705502</controlfield><controlfield tag="005">20241118224118.0</controlfield><controlfield tag="008">201012s1853    fr ||||| |||| 00| ||lat d</controlfield><datafield ind1="7" ind2=" " tag="024"><subfield code="a">http://catalogue.bnf.fr/ark:/12148/cb37567332k</subfield><subfield code="2">uri</subfield></datafield><datafield ind1=" " ind2=" " tag="035"><subfield code="a">(swissbib)238107442-41slsp_network</subfield></datafield><datafield ind1=" " ind2=" " tag="035"><subfield code="a">238107442</subfield><subfield code="9">ExL</subfield></datafield><datafield ind1=" " ind2=" " tag="035"><subfield code="a">(RERO)0382182-41slsp</subfield></datafield><datafield ind1=" " ind2=" " tag="035"><subfield code="a">(IDSLU)000714459ILU01</subfield></datafield><datafield ind1=" " ind2=" " tag="035"><subfield code="a">(IDSBB)002860746DSV01</subfield></datafield><datafield ind1=" " ind2=" " tag="035"><subfield code="a">(EXLNZ-41SLSP_NETWORK)991136116219705501</subfield></datafield><datafield ind1=" " ind2=" " tag="040"><subfield code="a">RERO</subfield><subfield code="d">CH-ZuSLS</subfield></datafield><datafield ind1=" " ind2="7" tag="072"><subfield code="a">hm</subfield><subfield code="2">rero</subfield></datafield><datafield ind1="0" ind2="0" tag="245"><subfield code="a">Cartulaire de l'abbaye de Savigny</subfield><subfield code="b">Suivi du Petit cartulaire de l'abbaye d'Ainay</subfield><subfield code="c">publ. par Aug. Bernard</subfield></datafield><datafield ind1="1" ind2=" " tag="246"><subfield code="a">Petit cartulaire de l'abbaye d'Ainay</subfield></datafield><datafield ind1=" " ind2="1" tag="264"><subfield code="a">Paris</subfield><subfield code="b">Impr. impériale</subfield><subfield code="c">1853</subfield></datafield><datafield ind1=" " ind2=" " tag="300"><subfield code="a">2 Vol. (CXX, 1167 S.)</subfield><subfield code="c">29 cm</subfield></datafield><datafield ind1=" " ind2=" " tag="336"><subfield code="b">txt</subfield><subfield code="2">rdacontent</subfield></datafield><datafield ind1=" " ind2=" " tag="337"><subfield code="b">n</subfield><subfield code="2">rdamedia</subfield></datafield><datafield ind1=" " ind2=" " tag="338"><subfield code="b">nc</subfield><subfield code="2">rdacarrier</subfield></datafield><datafield ind1="1" ind2=" " tag="490"><subfield code="a">Collection de mémoires inédits sur l'histoire de France. Série in-4⁰</subfield></datafield><datafield ind1="1" ind2=" " tag="490"><subfield code="a">Collection de documents inédits sur l'histoire de France</subfield><subfield code="v">[20]</subfield></datafield><datafield ind1="0" ind2="0" tag="505"><subfield code="g">Partie 1</subfield><subfield code="t">Cartulaire de Savigny</subfield></datafield><datafield ind1="0" ind2="0" tag="505"><subfield code="g">Partie 2</subfield><subfield code="t">Cartulaire d'Ainay, tables etc.</subfield></datafield><datafield ind1=" " ind2="7" tag="650"><subfield code="a">883-1286</subfield><subfield code="2">rero</subfield></datafield><datafield ind1=" " ind2="7" tag="650"><subfield code="a">927-1200</subfield><subfield code="2">rero</subfield></datafield><datafield ind1=" " ind2="7" tag="650"><subfield code="a">Abbayes</subfield><subfield code="0">(IDREF)027268535</subfield><subfield code="2">idref</subfield></datafield><datafield ind1=" " ind2="7" tag="650"><subfield code="a">Basiliques</subfield><subfield code="0">(IDREF)027220850</subfield><subfield code="2">idref</subfield></datafield><datafield ind1=" " ind2="7" tag="651"><subfield code="a">Savigny (France, Rhône) - Saint-Martin</subfield><subfield code="0">(RERO)A011414420</subfield><subfield code="2">rero</subfield></datafield><datafield ind1=" " ind2="7" tag="651"><subfield code="a">Lyon (France) - Saint-Martin d'Ainay</subfield><subfield code="0">(RERO)A010006485</subfield><subfield code="2">rero</subfield></datafield><datafield ind1=" " ind2="7" tag="655"><subfield code="a">Cartulaires</subfield><subfield code="0">(IDREF)027517268</subfield><subfield code="2">idref</subfield></datafield><datafield ind1="1" ind2=" " tag="700"><subfield code="a">Bernard, Auguste</subfield><subfield code="0">(RERO)A002996167</subfield></datafield><datafield ind1="0" ind2="8" tag="776"><subfield code="i">Publié également comme</subfield><subfield code="n">édition en ligne</subfield><subfield code="t">Cartulaire de l'abbaye de Savigny</subfield><subfield code="w">991172000761905501</subfield></datafield><datafield ind1=" " ind2="0" tag="830"><subfield code="a">Collection de documents inédits sur l'histoire de France</subfield><subfield code="v">20</subfield><subfield code="w">(IDSLU)000752668ILU01</subfield></datafield><datafield ind1=" " ind2="0" tag="830"><subfield code="a">Collection de documents inédits sur l'histoire de France</subfield><subfield code="p">Série in-4⁰</subfield><subfield code="w">(RERO)0125875-41slsp</subfield></datafield><datafield ind1="4" ind2="1" tag="856"><subfield code="u">http://books.google.ch/books?vid=BCUL1092471369</subfield><subfield code="z">[Partie 1]</subfield><subfield code="z">Googlos 2007-2009</subfield></datafield><datafield ind1="4" ind2="1" tag="856"><subfield code="u">http://books.google.ch/books?vid=BCUL1092471371</subfield><subfield code="z">[Partie 2]</subfield><subfield code="z">non intégral</subfield><subfield code="z">Googlos 2007-2009</subfield></datafield><datafield ind1="4" ind2="1" tag="856"><subfield code="u">http://books.google.ch/books?vid=BCUL1096000582</subfield><subfield code="z">[Partie 2]</subfield><subfield code="z">non intégral</subfield><subfield code="z">Googlos 2007-2009</subfield></datafield><datafield ind1="4" ind2="1" tag="856"><subfield code="u">http://books.google.ch/books?vid=BCUL1092471372</subfield><subfield code="z">[Partie 1]</subfield><subfield code="z">Googlos 2007-2009</subfield></datafield><datafield ind1=" " ind2=" " tag="900"><subfield code="a">REROnoselfmerge</subfield></datafield></record>
</metadata></record>