<record><header><identifier>oai:alma.41SLSP_UGE:991000041269705502</identifier><datestamp>2023-03-04T01:19:37Z</datestamp><setSpec>uge_bcen_RapidILL_BOOK</setSpec><setSpec>uge_aaca_RapidILL_BOOK</setSpec><setSpec>uge_abels_RapidILL_BOOK</setSpec><setSpec>uge_dbu_RapidILL_BOOK</setSpec><setSpec>uge_cmu_RapidILL_BOOK</setSpec><setSpec>uge_mail_RapidILL_BOOK</setSpec><setSpec>uge_abbat_RapidILL_BOOK</setSpec><setSpec>UNIGE_ALL</setSpec><setSpec>uge_acar_RapidILL_BOOK</setSpec><setSpec>uge_aobs_RapidILL_BOOK</setSpec></header><metadata>
<record xmlns="http://www.loc.gov/MARC21/slim" xmlns:xsi="http://www.w3.org/2001/XMLSchema-instance" xsi:schemaLocation="http://www.loc.gov/MARC21/slim http://www.loc.gov/standards/marcxml/schema/MARC21slim.xsd"><leader>01736nam a2200457 c 4500</leader><controlfield tag="001">991000041269705502</controlfield><controlfield tag="005">20230303213159.0</controlfield><controlfield tag="008">201012s1973    xxu||||| |||| 00| ||eng d</controlfield><datafield ind1=" " ind2=" " tag="020"><subfield code="a">0803901828</subfield></datafield><datafield ind1=" " ind2=" " tag="035"><subfield code="a">(swissbib)233119558-41slsp_network</subfield></datafield><datafield ind1=" " ind2=" " tag="035"><subfield code="a">233119558</subfield><subfield code="9">ExL</subfield></datafield><datafield ind1=" " ind2=" " tag="035"><subfield code="a">(RERO)0976329-41slsp</subfield></datafield><datafield ind1=" " ind2=" " tag="035"><subfield code="a">(NEBIS)000158371EBI01</subfield></datafield><datafield ind1=" " ind2=" " tag="035"><subfield code="a">(EXLNZ-41SLSP_NETWORK)991049160949705501</subfield></datafield><datafield ind1=" " ind2=" " tag="040"><subfield code="a">RERO geuses</subfield><subfield code="d">CH-ZuSLS</subfield></datafield><datafield ind1=" " ind2="7" tag="072"><subfield code="a">ur</subfield><subfield code="2">rero</subfield></datafield><datafield ind1=" " ind2="7" tag="072"><subfield code="a">go</subfield><subfield code="2">rero</subfield></datafield><datafield ind1="0" ind2="0" tag="082"><subfield code="a">307.7/6/0724</subfield><subfield code="2">19</subfield></datafield><datafield ind1="0" ind2="4" tag="082"><subfield code="a">300/.1/8</subfield></datafield><datafield ind1="1" ind2="4" tag="082"><subfield code="a">711.401/5118</subfield></datafield><datafield ind1="1" ind2=" " tag="100"><subfield code="a">House, Peter William</subfield><subfield code="d">1937-....</subfield><subfield code="0">(IDREF)077807979</subfield><subfield code="4">cre</subfield></datafield><datafield ind1="1" ind2="0" tag="245"><subfield code="a">&lt;&lt;The&gt;&gt; urban environmental system</subfield><subfield code="b">modeling for research policy-making and education</subfield><subfield code="c">Peter House</subfield></datafield><datafield ind1=" " ind2="1" tag="264"><subfield code="a">Beverly Hills</subfield><subfield code="a">London</subfield><subfield code="b">Sage</subfield><subfield code="c">[1973]</subfield></datafield><datafield ind1=" " ind2="4" tag="264"><subfield code="c">© 1973</subfield></datafield><datafield ind1=" " ind2=" " tag="300"><subfield code="a">317 p.</subfield><subfield code="c">24 cm</subfield><subfield code="b">diagr.; fig.; tab.</subfield></datafield><datafield ind1=" " ind2=" " tag="336"><subfield code="b">txt</subfield><subfield code="2">rdacontent</subfield></datafield><datafield ind1=" " ind2=" " tag="337"><subfield code="b">n</subfield><subfield code="2">rdamedia</subfield></datafield><datafield ind1=" " ind2=" " tag="338"><subfield code="b">nc</subfield><subfield code="2">rdacarrier</subfield></datafield><datafield ind1=" " ind2=" " tag="504"><subfield code="a">Bibliogr.: p. 267-279</subfield></datafield><datafield ind1=" " ind2="7" tag="650"><subfield code="a">Géographie urbaine</subfield><subfield code="0">(IDREF)027267768</subfield><subfield code="2">idref</subfield></datafield><datafield ind1=" " ind2="7" tag="650"><subfield code="a">modèle urbain</subfield><subfield code="0">(RERO)A010009878</subfield><subfield code="2">rerovoc</subfield></datafield><datafield ind1=" " ind2="7" tag="650"><subfield code="a">Operations Research</subfield><subfield code="0">(DE-588)4043586-6</subfield><subfield code="2">gnd</subfield></datafield><datafield ind1=" " ind2="7" tag="650"><subfield code="a">Stadtentwicklungsplan</subfield><subfield code="0">(DE-588)4338471-7</subfield><subfield code="2">gnd</subfield></datafield><datafield ind1=" " ind2="7" tag="650"><subfield code="a">Stadtplanung</subfield><subfield code="0">(DE-588)4056754-0</subfield><subfield code="2">gnd</subfield></datafield><datafield ind1=" " ind2="7" tag="650"><subfield code="a">Verkehrsplanung</subfield><subfield code="0">(DE-588)4062954-5</subfield><subfield code="2">gnd</subfield></datafield><datafield ind1=" " ind2="7" tag="650"><subfield code="a">Verwaltung</subfield><subfield code="0">(DE-588)4063317-2</subfield><subfield code="2">gnd</subfield></datafield><datafield ind1=" " ind2="0" tag="650"><subfield code="a">Cities and towns</subfield><subfield code="x">Mathematical models</subfield></datafield><datafield ind1=" " ind2="7" tag="650"><subfield code="a">DESKRIPTIVE ÖKONOMISCH-MATHEMATISCHE MODELLE (OPERATIONS RESEARCH)</subfield><subfield code="9">ger</subfield><subfield code="0">(ETHUDK)000013874</subfield><subfield code="2">ethudk</subfield></datafield><datafield ind1=" " ind2="7" tag="650"><subfield code="a">STÄDTEWESEN + STADTGEOGRAFIE + STADTFORSCHUNG</subfield><subfield code="9">ger</subfield><subfield code="0">(ETHUDK)000036648</subfield><subfield code="2">ethudk</subfield></datafield><datafield ind1=" " ind2=" " tag="690"><subfield code="a">Umweltschutz / Einzelne Fragen</subfield><subfield code="2">uzb-Z9</subfield></datafield><datafield ind1="1" ind2=" " tag="700"><subfield code="a">House, Peter</subfield></datafield><datafield ind1=" " ind2=" " tag="900"><subfield code="a">REROnoselfmerge</subfield></datafield></record>
</metadata></record>