<record><header><identifier>oai:alma.41SLSP_UGE:991000041789705502</identifier><datestamp>2023-07-18T00:14:40Z</datestamp><setSpec>uge_bcen_RapidILL_BOOK</setSpec><setSpec>uge_aaca_RapidILL_BOOK</setSpec><setSpec>uge_abels_RapidILL_BOOK</setSpec><setSpec>uge_dbu_RapidILL_BOOK</setSpec><setSpec>uge_cmu_RapidILL_BOOK</setSpec><setSpec>uge_mail_RapidILL_BOOK</setSpec><setSpec>uge_abbat_RapidILL_BOOK</setSpec><setSpec>UNIGE_ALL</setSpec><setSpec>uge_acar_RapidILL_BOOK</setSpec><setSpec>uge_aobs_RapidILL_BOOK</setSpec></header><metadata>
<record xmlns="http://www.loc.gov/MARC21/slim" xmlns:xsi="http://www.w3.org/2001/XMLSchema-instance" xsi:schemaLocation="http://www.loc.gov/MARC21/slim http://www.loc.gov/standards/marcxml/schema/MARC21slim.xsd"><leader>01477naa a2200289 c 4500</leader><controlfield tag="001">991000041789705502</controlfield><controlfield tag="005">20230717200851.0</controlfield><controlfield tag="008">100401s2010    sz ||||| |||| 00| ||fre d</controlfield><datafield ind1=" " ind2=" " tag="035"><subfield code="a">(swissbib)110179005-41slsp_network</subfield></datafield><datafield ind1=" " ind2=" " tag="035"><subfield code="a">110179005</subfield><subfield code="9">ExL</subfield></datafield><datafield ind1=" " ind2=" " tag="035"><subfield code="a">(RERO)R005419449-41slsp</subfield></datafield><datafield ind1=" " ind2=" " tag="035"><subfield code="a">(EXLNZ-41SLSP_NETWORK)991061077639705501</subfield></datafield><datafield ind1=" " ind2=" " tag="040"><subfield code="a">RERO neubfd</subfield><subfield code="d">CH-ZuSLS</subfield></datafield><datafield ind1="1" ind2=" " tag="041"><subfield code="a">fre</subfield><subfield code="h">ger</subfield></datafield><datafield ind1=" " ind2=" " tag="044"><subfield code="a">sz</subfield><subfield code="c">ch-be</subfield></datafield><datafield ind1=" " ind2="7" tag="072"><subfield code="a">dr</subfield><subfield code="2">rero</subfield></datafield><datafield ind1=" " ind2=" " tag="084"><subfield code="a">CA/CH 37 i</subfield><subfield code="2">cjurrom</subfield></datafield><datafield ind1=" " ind2=" " tag="084"><subfield code="a">CA/CH 65.1 i</subfield><subfield code="2">cjurrom</subfield></datafield><datafield ind1="0" ind2="0" tag="245"><subfield code="a">Décision fédérale sur l'acceptation de l'ordonnance no 380/2008 introduisant la biométrie dans les titres de séjour pour étrangers (développement de l'acquis de Schengen)</subfield><subfield code="b">prise de position du 28 septembre 2009 du comité de l'Association suisse des officiers de l'état civil</subfield><subfield code="c">trad. :Michel Perret</subfield></datafield><datafield ind1=" " ind2=" " tag="336"><subfield code="b">txt</subfield><subfield code="2">rdacontent</subfield></datafield><datafield ind1=" " ind2=" " tag="337"><subfield code="b">n</subfield><subfield code="2">rdamedia</subfield></datafield><datafield ind1=" " ind2=" " tag="338"><subfield code="b">nc</subfield><subfield code="2">rdacarrier</subfield></datafield><datafield ind1=" " ind2=" " tag="500"><subfield code="a">Traduit de : Bundesbeschluss über die Genehmigung der Verordnung (EG) Nr. 380/2008 zur Einführung der Biometrie im Ausländerausweis (Weiterentwicklung des Schengen-Besitzstandes)</subfield></datafield><datafield ind1=" " ind2=" " tag="580"><subfield code="a">In: Revue de l'état civil. - Bern. - Année 78(2010), No 1, p. 19-20</subfield></datafield><datafield ind1="1" ind2=" " tag="700"><subfield code="a">Perret, Michel</subfield><subfield code="c">officier d'état civil</subfield><subfield code="0">(IDREF)256924244</subfield></datafield><datafield ind1="2" ind2=" " tag="710"><subfield code="a">L'Association suisse des officiers de l'état civil</subfield><subfield code="0">(IDREF)184275857</subfield></datafield><datafield ind1="0" ind2=" " tag="773"><subfield code="t">Zeitschrift für Zivilstandswesen : Monatsschrift</subfield><subfield code="g">2010/19</subfield><subfield code="g">yr:2010</subfield><subfield code="w">(RERO)0125332-41slsp</subfield></datafield><datafield ind1=" " ind2=" " tag="900"><subfield code="a">REROnoselfmerge</subfield></datafield></record>
</metadata></record>