<record><header><identifier>oai:alma.41SLSP_UGE:991000041689705502</identifier><datestamp>2023-03-01T01:09:11Z</datestamp><setSpec>uge_bcen_RapidILL_BOOK</setSpec><setSpec>uge_aaca_RapidILL_BOOK</setSpec><setSpec>uge_abels_RapidILL_BOOK</setSpec><setSpec>uge_dbu_RapidILL_BOOK</setSpec><setSpec>uge_cmu_RapidILL_BOOK</setSpec><setSpec>uge_mail_RapidILL_BOOK</setSpec><setSpec>UNIGE_ALL</setSpec><setSpec>uge_abbat_RapidILL_BOOK</setSpec><setSpec>uge_aobs_RapidILL_BOOK</setSpec><setSpec>uge_acar_RapidILL_BOOK</setSpec></header><metadata>
<record xmlns="http://www.loc.gov/MARC21/slim" xmlns:xsi="http://www.w3.org/2001/XMLSchema-instance" xsi:schemaLocation="http://www.loc.gov/MARC21/slim http://www.loc.gov/standards/marcxml/schema/MARC21slim.xsd"><leader>00671nam a2200217 c 4500</leader><controlfield tag="001">991000041689705502</controlfield><controlfield tag="005">20210206202506.0</controlfield><controlfield tag="008">960525s1962    xxu||||| |||| 00| ||eng d</controlfield><datafield ind1=" " ind2=" " tag="035"><subfield code="a">(swissbib)077048296-41slsp_network</subfield></datafield><datafield ind1=" " ind2=" " tag="035"><subfield code="a">077048296</subfield><subfield code="9">ExL</subfield></datafield><datafield ind1=" " ind2=" " tag="035"><subfield code="a">(RERO)0106559-41slsp</subfield></datafield><datafield ind1=" " ind2=" " tag="035"><subfield code="a">(EXLNZ-41SLSP_NETWORK)991019871629705501</subfield></datafield><datafield ind1=" " ind2=" " tag="040"><subfield code="a">RERO</subfield><subfield code="d">CH-ZuSLS</subfield></datafield><datafield ind1=" " ind2="7" tag="072"><subfield code="a">py</subfield><subfield code="2">rero</subfield></datafield><datafield ind1="1" ind2=" " tag="100"><subfield code="a">Cox, Richard Threlkeld</subfield><subfield code="d">1898-1991</subfield><subfield code="0">(IDREF)115076131</subfield><subfield code="4">cre</subfield></datafield><datafield ind1="1" ind2="0" tag="245"><subfield code="a">Statistical mechanics of irreversible change</subfield><subfield code="c">by Richard T. Cox</subfield></datafield><datafield ind1=" " ind2="1" tag="264"><subfield code="a">Baltimore</subfield><subfield code="b">The Johns Hopkins Press</subfield><subfield code="c">1962</subfield></datafield><datafield ind1=" " ind2=" " tag="300"><subfield code="a">VIII, 130 p.</subfield><subfield code="b">ill.</subfield><subfield code="c">24 cm</subfield></datafield><datafield ind1=" " ind2=" " tag="336"><subfield code="b">txt</subfield><subfield code="2">rdacontent</subfield></datafield><datafield ind1=" " ind2=" " tag="337"><subfield code="b">n</subfield><subfield code="2">rdamedia</subfield></datafield><datafield ind1=" " ind2=" " tag="338"><subfield code="b">nc</subfield><subfield code="2">rdacarrier</subfield></datafield><datafield ind1=" " ind2=" " tag="900"><subfield code="a">REROnoselfmerge</subfield></datafield></record>
</metadata></record>