<record><header><identifier>oai:alma.41SLSP_UGE:991000041479705502</identifier><datestamp>2023-03-01T01:09:11Z</datestamp><setSpec>uge_bcen_RapidILL_BOOK</setSpec><setSpec>uge_aaca_RapidILL_BOOK</setSpec><setSpec>uge_abels_RapidILL_BOOK</setSpec><setSpec>uge_dbu_RapidILL_BOOK</setSpec><setSpec>uge_cmu_RapidILL_BOOK</setSpec><setSpec>uge_mail_RapidILL_BOOK</setSpec><setSpec>UNIGE_ALL</setSpec><setSpec>uge_abbat_RapidILL_BOOK</setSpec><setSpec>uge_aobs_RapidILL_BOOK</setSpec><setSpec>uge_acar_RapidILL_BOOK</setSpec></header><metadata>
<record xmlns="http://www.loc.gov/MARC21/slim" xmlns:xsi="http://www.w3.org/2001/XMLSchema-instance" xsi:schemaLocation="http://www.loc.gov/MARC21/slim http://www.loc.gov/standards/marcxml/schema/MARC21slim.xsd"><leader>01192nam a22003257c 4500</leader><controlfield tag="001">991000041479705502</controlfield><controlfield tag="005">20230207170922.0</controlfield><controlfield tag="008">201011s1960    it ||||| |||| 00| ||ita d</controlfield><datafield ind1=" " ind2=" " tag="035"><subfield code="a">(swissbib)221293469-41slsp_network</subfield></datafield><datafield ind1=" " ind2=" " tag="035"><subfield code="a">221293469</subfield><subfield code="9">ExL</subfield></datafield><datafield ind1=" " ind2=" " tag="035"><subfield code="a">(RERO)0578229-41slsp</subfield></datafield><datafield ind1=" " ind2=" " tag="035"><subfield code="a">(IDSLU)001185445ILU01</subfield></datafield><datafield ind1=" " ind2=" " tag="035"><subfield code="a">(EXLNZ-41SLSP_NETWORK)991120202579705501</subfield></datafield><datafield ind1=" " ind2=" " tag="040"><subfield code="a">RERO labcud</subfield><subfield code="d">CH-ZuSLS</subfield></datafield><datafield ind1=" " ind2="7" tag="072"><subfield code="a">th</subfield><subfield code="2">rero</subfield></datafield><datafield ind1=" " ind2="7" tag="072"><subfield code="a">0</subfield><subfield code="2">IDS LU</subfield></datafield><datafield ind1="1" ind2=" " tag="100"><subfield code="a">Pascal, Arturo</subfield><subfield code="0">(IDREF)129482358</subfield><subfield code="4">cre</subfield></datafield><datafield ind1="1" ind2="0" tag="245"><subfield code="a">&lt;&lt;Il&gt;&gt; marchesato di Saluzzo e la riforma protestante durante il periodo della dominazione francese</subfield><subfield code="b">1548-1588</subfield><subfield code="c">Arturo Pascal</subfield></datafield><datafield ind1=" " ind2="1" tag="264"><subfield code="a">Firenze</subfield><subfield code="b">Sansoni</subfield><subfield code="c">1960</subfield></datafield><datafield ind1=" " ind2=" " tag="300"><subfield code="a">XV, 658 p.</subfield><subfield code="c">23 cm</subfield></datafield><datafield ind1=" " ind2=" " tag="336"><subfield code="b">txt</subfield><subfield code="2">rdacontent</subfield></datafield><datafield ind1=" " ind2=" " tag="337"><subfield code="b">n</subfield><subfield code="2">rdamedia</subfield></datafield><datafield ind1=" " ind2=" " tag="338"><subfield code="b">nc</subfield><subfield code="2">rdacarrier</subfield></datafield><datafield ind1="1" ind2=" " tag="490"><subfield code="a">Bibl. storica Sansoni. Nuova serie</subfield><subfield code="v">36</subfield></datafield><datafield ind1=" " ind2="7" tag="650"><subfield code="a">1548-1588</subfield><subfield code="2">rero</subfield></datafield><datafield ind1=" " ind2="7" tag="650"><subfield code="a">Réforme protestante</subfield><subfield code="0">(IDREF)027341836</subfield><subfield code="2">idref</subfield></datafield><datafield ind1=" " ind2="7" tag="650"><subfield code="a">Reformation</subfield><subfield code="0">(DE-588)4048946-2</subfield><subfield code="2">gnd</subfield></datafield><datafield ind1=" " ind2="7" tag="651"><subfield code="a">Saluces (Italie, marquisat)</subfield><subfield code="0">(RERO)A010215633</subfield><subfield code="2">rero</subfield></datafield><datafield ind1=" " ind2="7" tag="651"><subfield code="a">Markgrafschaft Saluzzo</subfield><subfield code="0">(DE-588)4460604-7</subfield><subfield code="2">gnd</subfield></datafield><datafield ind1=" " ind2="0" tag="830"><subfield code="a">Biblioteca storica Sansoni</subfield><subfield code="p">Nuova serie</subfield><subfield code="v">36</subfield><subfield code="w">(IDSLU)001185443ILU01</subfield></datafield><datafield ind1=" " ind2=" " tag="900"><subfield code="a">REROnoselfmerge</subfield></datafield><datafield ind1=" " ind2=" " tag="993"><subfield code="a">MHR Ro 33</subfield><subfield code="x">ge/mhr-/6370</subfield><subfield code="9">LOCAL</subfield></datafield></record>
</metadata></record>