<record><header><identifier>oai:alma.41SLSP_UGE:991000042009705502</identifier><datestamp>2023-03-01T01:09:12Z</datestamp><setSpec>uge_bcen_RapidILL_BOOK</setSpec><setSpec>uge_aaca_RapidILL_BOOK</setSpec><setSpec>uge_abels_RapidILL_BOOK</setSpec><setSpec>uge_dbu_RapidILL_BOOK</setSpec><setSpec>uge_cmu_RapidILL_BOOK</setSpec><setSpec>uge_mail_RapidILL_BOOK</setSpec><setSpec>UNIGE_ALL</setSpec><setSpec>uge_abbat_RapidILL_BOOK</setSpec><setSpec>uge_aobs_RapidILL_BOOK</setSpec><setSpec>uge_acar_RapidILL_BOOK</setSpec></header><metadata>
<record xmlns="http://www.loc.gov/MARC21/slim" xmlns:xsi="http://www.w3.org/2001/XMLSchema-instance" xsi:schemaLocation="http://www.loc.gov/MARC21/slim http://www.loc.gov/standards/marcxml/schema/MARC21slim.xsd"><leader>04230nam a2200769 c 4500</leader><controlfield tag="001">991000042009705502</controlfield><controlfield tag="005">20230205210150.0</controlfield><controlfield tag="008">201012s2005    xxu           00| | eng| </controlfield><datafield ind1=" " ind2=" " tag="010"><subfield code="a">2004025184</subfield></datafield><datafield ind1=" " ind2=" " tag="020"><subfield code="a">1405114762</subfield><subfield code="q">hardcover : alk. paper</subfield></datafield><datafield ind1=" " ind2=" " tag="020"><subfield code="a">9781405114769</subfield></datafield><datafield ind1=" " ind2=" " tag="020"><subfield code="a">9781405165037</subfield><subfield code="q">eISBN</subfield></datafield><datafield ind1=" " ind2=" " tag="035"><subfield code="a">(swissbib)237053837-41slsp_network</subfield></datafield><datafield ind1=" " ind2=" " tag="035"><subfield code="a">237053837</subfield><subfield code="9">ExL</subfield></datafield><datafield ind1=" " ind2=" " tag="035"><subfield code="a">(IDSBB)003629375DSV01</subfield></datafield><datafield ind1=" " ind2=" " tag="035"><subfield code="a">(RERO)R003921524-41slsp</subfield></datafield><datafield ind1=" " ind2=" " tag="035"><subfield code="a">(IDSSG)000331548HSB01</subfield></datafield><datafield ind1=" " ind2=" " tag="035"><subfield code="a">(NEBIS)005045946EBI01</subfield></datafield><datafield ind1=" " ind2=" " tag="035"><subfield code="a">(DLC)--2004025184</subfield></datafield><datafield ind1=" " ind2=" " tag="035"><subfield code="a">(EXLNZ-41SLSP_NETWORK)991127258459705501</subfield></datafield><datafield ind1=" " ind2=" " tag="040"><subfield code="a">DLC</subfield><subfield code="e">kids</subfield><subfield code="d">CH-ZuSLS</subfield></datafield><datafield ind1=" " ind2=" " tag="050"><subfield code="a">PN212</subfield><subfield code="b">.C64 2005</subfield></datafield><datafield ind1=" " ind2="7" tag="072"><subfield code="a">ln</subfield><subfield code="2">SzZuIDS BS/BE</subfield></datafield><datafield ind1=" " ind2="7" tag="072"><subfield code="a">lc</subfield><subfield code="2">rero</subfield></datafield><datafield ind1="0" ind2="4" tag="082"><subfield code="a">808</subfield><subfield code="2">22</subfield></datafield><datafield ind1="0" ind2="4" tag="082"><subfield code="a">808 UKP</subfield></datafield><datafield ind1="1" ind2="4" tag="082"><subfield code="a">800</subfield><subfield code="2">15</subfield></datafield><datafield ind1=" " ind2=" " tag="084"><subfield code="a">EC 4500</subfield><subfield code="2">rvk</subfield></datafield><datafield ind1=" " ind2=" " tag="084"><subfield code="a">EC 4600</subfield><subfield code="2">rvk</subfield></datafield><datafield ind1=" " ind2=" " tag="084"><subfield code="a">EC 6650</subfield><subfield code="2">rvk</subfield></datafield><datafield ind1=" " ind2=" " tag="084"><subfield code="a">EC 7000</subfield><subfield code="2">rvk</subfield></datafield><datafield ind1="0" ind2="0" tag="245"><subfield code="a">&lt;&lt;A&gt;&gt; companion to narrative theory</subfield><subfield code="c">edited by James Phelan and Peter J. Rabinowitz</subfield></datafield><datafield ind1=" " ind2="1" tag="264"><subfield code="a">Malden, Mass.</subfield><subfield code="b">Blackwell Publishing</subfield><subfield code="c">2005</subfield></datafield><datafield ind1=" " ind2=" " tag="300"><subfield code="a">XVI, 571 p.</subfield><subfield code="c">26 cm</subfield></datafield><datafield ind1=" " ind2=" " tag="336"><subfield code="b">txt</subfield><subfield code="2">rdacontent</subfield></datafield><datafield ind1=" " ind2=" " tag="337"><subfield code="b">n</subfield><subfield code="2">rdamedia</subfield></datafield><datafield ind1=" " ind2=" " tag="338"><subfield code="b">nc</subfield><subfield code="2">rdacarrier</subfield></datafield><datafield ind1="1" ind2=" " tag="490"><subfield code="a">Blackwell companions to literature and culture</subfield><subfield code="v">33</subfield></datafield><datafield ind1=" " ind2=" " tag="504"><subfield code="a">Includes bibliographical references and index</subfield></datafield><datafield ind1=" " ind2="7" tag="650"><subfield code="a">Narrativik</subfield><subfield code="v">0 Gesamtdarstellung</subfield><subfield code="2">idsbb</subfield></datafield><datafield ind1=" " ind2="7" tag="650"><subfield code="a">Narration</subfield><subfield code="0">(IDREF)027299988</subfield><subfield code="2">idref</subfield></datafield><datafield ind1=" " ind2="0" tag="650"><subfield code="a">Narration (Rhetoric)</subfield></datafield><datafield ind1=" " ind2="7" tag="650"><subfield code="a">Erzähltheorie</subfield><subfield code="0">(DE-588)4152975-3</subfield><subfield code="2">gnd</subfield></datafield><datafield ind1=" " ind2="7" tag="650"><subfield code="a">Erzähltechnik</subfield><subfield code="2">idszbz</subfield></datafield><datafield ind1=" " ind2="7" tag="650"><subfield code="a">Erzählforschung</subfield><subfield code="0">(DE-588)4152968-6</subfield><subfield code="2">gnd</subfield></datafield><datafield ind1=" " ind2="7" tag="650"><subfield code="a">Erzähltheorie</subfield><subfield code="2">idszbz</subfield></datafield><datafield ind1=" " ind2="7" tag="650"><subfield code="a">Narrativität</subfield><subfield code="0">(DE-588)4379691-6</subfield><subfield code="2">gnd</subfield></datafield><datafield ind1=" " ind2="0" tag="650"><subfield code="a">Discourse analysis, Narrative</subfield></datafield><datafield ind1=" " ind2="0" tag="650"><subfield code="a">Electronic books</subfield></datafield><datafield ind1=" " ind2="7" tag="655"><subfield code="a">[Études diverses]</subfield><subfield code="0">(RERO)A022249905</subfield><subfield code="2">rero</subfield></datafield><datafield ind1=" " ind2="7" tag="655"><subfield code="a">Aufsatzsammlung</subfield><subfield code="2">gnd-content</subfield></datafield><datafield ind1=" " ind2="7" tag="655"><subfield code="a">Aufsatzsammlung</subfield><subfield code="2">idszbz</subfield></datafield><datafield ind1=" " ind2=" " tag="690"><subfield code="a">Narrative ; History ; Prologue ; Theory ; Innovation ; Harry ; Monster ; Narration ; Focalization ; Progression ; God ; Attachment ; Structuralist ; Art ; Informant ; Companion ; Resurrection ; Performance reliability ; Revision ; Counterpoint ; Teller ; Communication ; Judgement ; Atonement ; Theorist ; Genealogy ; Pragmatics ; Fictionality ; Trajectory ; Portrait ; Relationship ; Ethics ; Diagram ; Gender ; Distance ; Prince ; Modernist ; Judicial subject ; Performance art ; Tradition ; Structuralism ; Booth ; Rhetoric ; Sonata ; Multiple ; Tiger ; Path ; Thing ; Realist fiction ; Sequencing ; Progeny ; Politics ; Repetition ; Hose ; Collective ; Portraiture ; Heritage ; Autobiography ; Ear ; Cognition ; Speech ; Life death ; Brooking ; Brook ; Ark ; Death ; Opera ; Music ; Leitmotiv ; Shard ; Glass ; Medium ; Porter ; Dictionary</subfield><subfield code="2">idssg-J</subfield></datafield><datafield ind1=" " ind2=" " tag="690"><subfield code="a">Cine-Narrative ; Second-Degree</subfield><subfield code="2">idssg-J</subfield></datafield><datafield ind1=" " ind2=" " tag="690"><subfield code="a">Early Developments; Stubborn Problems; Rhetorical Approaches; Divergent Readings; Alternative Forms; Long Goodbye; Spatial Poetics; Temporal Order; Biblical Narratology; Changing Faces; Cautionary Notes; Second Nature; Royal S.</subfield><subfield code="2">idssg-J</subfield></datafield><datafield ind1=" " ind2=" " tag="690"><subfield code="a">Stanford [100]</subfield><subfield code="2">idssg-J</subfield></datafield><datafield ind1=" " ind2=" " tag="690"><subfield code="a">arrative; Zheory; itz; Alonika; Fludernik; Im; gar; Authorial; Narratorial; Un; Kreutzer; Tamar; Yacobi; Hillis; Narratology; Stylistics; Poetics; Ulysses; Arundhati; Unnarratable; Robyn; Aleir; Sternberg; Ekphrasis; Poe; Dalloway; Seymour; Chatman; Historicized; Rushmore; Participatory; Sidonie; Postcolonial; Soundscapes; Melba; Cuddy; Keane; Shlomith; Rimmon; Kenan; Ceci; est; pas; un; Pollock; Namuth; Laure; Ryan; II</subfield><subfield code="2">idssg-J</subfield></datafield><datafield ind1="1" ind2=" " tag="700"><subfield code="a">Rabinowitz, Peter J.</subfield></datafield><datafield ind1="1" ind2=" " tag="700"><subfield code="a">Phelan, James</subfield><subfield code="d">1951-</subfield><subfield code="0">(DE-588)131827057</subfield><subfield code="6">880-02</subfield></datafield><datafield ind1="1" ind2=" " tag="880"><subfield code="6">700-02</subfield><subfield code="a">Phelan, James</subfield><subfield code="d">1951-....</subfield><subfield code="0">(IDREF)028668952</subfield></datafield><datafield ind1="0" ind2="8" tag="776"><subfield code="i">Online-Ausgabe</subfield><subfield code="w">(IDSSG)000930564HSB01</subfield></datafield><datafield ind1="4" ind2=" " tag="856"><subfield code="3">Inhaltsverzeichnis</subfield><subfield code="u">http://www.ub.unibas.ch/tox/HBZ/HT015388147/PDF</subfield><subfield code="q">pdf</subfield></datafield><datafield ind1=" " ind2=" " tag="830"><subfield code="a">Blackwell companions to literature and culture</subfield><subfield code="v">33</subfield><subfield code="w">(IDSBB)001513637DSV01</subfield></datafield><datafield ind1=" " ind2=" " tag="900"><subfield code="a">REROnoselfmerge</subfield></datafield><datafield ind1=" " ind2=" " tag="900"><subfield code="a">IDSZ2zbzmon200512f</subfield><subfield code="c">IDSZ2spit</subfield><subfield code="d">IDSZ2zbzswk200603b</subfield><subfield code="e">IDSZ2boxm</subfield></datafield><datafield ind1=" " ind2=" " tag="911"><subfield code="a">700</subfield><subfield code="a">Phelan, James</subfield><subfield code="d">1951-</subfield></datafield><datafield ind1=" " ind2=" " tag="911"><subfield code="a">700</subfield><subfield code="a">Rabinowitz, Peter J</subfield><subfield code="d">1944-</subfield></datafield><datafield ind1=" " ind2=" " tag="949"><subfield code="a">http://www.ub.unibas.ch/tox/HBZ/HT015388147/PDF</subfield></datafield></record>
</metadata></record>