<record><header><identifier>oai:alma.41SLSP_UGE:991000041389705502</identifier><datestamp>2023-03-01T01:09:12Z</datestamp><setSpec>uge_bcen_RapidILL_BOOK</setSpec><setSpec>uge_aaca_RapidILL_BOOK</setSpec><setSpec>uge_abels_RapidILL_BOOK</setSpec><setSpec>uge_dbu_RapidILL_BOOK</setSpec><setSpec>uge_cmu_RapidILL_BOOK</setSpec><setSpec>uge_mail_RapidILL_BOOK</setSpec><setSpec>UNIGE_ALL</setSpec><setSpec>uge_abbat_RapidILL_BOOK</setSpec><setSpec>uge_aobs_RapidILL_BOOK</setSpec><setSpec>uge_acar_RapidILL_BOOK</setSpec></header><metadata>
<record xmlns="http://www.loc.gov/MARC21/slim" xmlns:xsi="http://www.w3.org/2001/XMLSchema-instance" xsi:schemaLocation="http://www.loc.gov/MARC21/slim http://www.loc.gov/standards/marcxml/schema/MARC21slim.xsd"><leader>01023nam a2200277 c 4500</leader><controlfield tag="001">991000041389705502</controlfield><controlfield tag="005">20211115212546.0</controlfield><controlfield tag="008">940321s1993    fr ||||| |||| 00| ||fre d</controlfield><datafield ind1=" " ind2=" " tag="020"><subfield code="a">2020128144</subfield></datafield><datafield ind1=" " ind2=" " tag="035"><subfield code="a">(swissbib)088565610-41slsp_network</subfield></datafield><datafield ind1=" " ind2=" " tag="035"><subfield code="a">088565610</subfield><subfield code="9">ExL</subfield></datafield><datafield ind1=" " ind2=" " tag="035"><subfield code="a">(RERO)1828214-41slsp</subfield></datafield><datafield ind1=" " ind2=" " tag="035"><subfield code="a">(EXLNZ-41SLSP_NETWORK)991040216139705501</subfield></datafield><datafield ind1=" " ind2=" " tag="040"><subfield code="a">RERO geulfr</subfield><subfield code="d">CH-ZuSLS</subfield></datafield><datafield ind1=" " ind2="7" tag="072"><subfield code="a">fr</subfield><subfield code="2">rero</subfield></datafield><datafield ind1="1" ind2=" " tag="100"><subfield code="a">Mauriac, François</subfield><subfield code="d">1885-1970</subfield><subfield code="0">(IDREF)027018741</subfield><subfield code="4">cre</subfield></datafield><datafield ind1="1" ind2="0" tag="245"><subfield code="a">Bloc-notes</subfield><subfield code="c">François Mauriac ; présentation et notes de Jean Touzot.</subfield><subfield code="n">Vol. 1</subfield><subfield code="p">1952-1957 / François Mauriac ; avant-propos de Jean Lacouture ; présentation et notes de Jean Touzot</subfield></datafield><datafield ind1=" " ind2="1" tag="264"><subfield code="a">Paris</subfield><subfield code="b">Ed. du Seuil</subfield><subfield code="c">1993</subfield></datafield><datafield ind1=" " ind2=" " tag="300"><subfield code="a">583 p.</subfield><subfield code="b">portr.</subfield><subfield code="c">18 cm</subfield></datafield><datafield ind1=" " ind2=" " tag="336"><subfield code="b">txt</subfield><subfield code="2">rdacontent</subfield></datafield><datafield ind1=" " ind2=" " tag="337"><subfield code="b">n</subfield><subfield code="2">rdamedia</subfield></datafield><datafield ind1=" " ind2=" " tag="338"><subfield code="b">nc</subfield><subfield code="2">rdacarrier</subfield></datafield><datafield ind1="1" ind2=" " tag="490"><subfield code="a">Points</subfield><subfield code="v">269. Essais</subfield></datafield><datafield ind1="1" ind2=" " tag="700"><subfield code="a">Lacouture, Jean</subfield><subfield code="c">journaliste</subfield><subfield code="d">1921-2015</subfield><subfield code="0">(IDREF)026959011</subfield></datafield><datafield ind1="1" ind2=" " tag="800"><subfield code="a">Mauriac, François</subfield><subfield code="d">1885-1970</subfield><subfield code="t">Bloc-notes</subfield><subfield code="v">1</subfield></datafield><datafield ind1=" " ind2=" " tag="830"><subfield code="a">Points</subfield><subfield code="p">Seuil</subfield><subfield code="v">269</subfield><subfield code="w">(RERO)0338118-41slsp</subfield></datafield><datafield ind1=" " ind2=" " tag="900"><subfield code="a">REROnoselfmerge</subfield></datafield></record>
</metadata></record>