<record><header><identifier>oai:alma.41SLSP_UGE:991000043279705502</identifier><datestamp>2023-04-09T00:26:14Z</datestamp><setSpec>uge_bcen_RapidILL_BOOK</setSpec><setSpec>uge_aaca_RapidILL_BOOK</setSpec><setSpec>uge_abels_RapidILL_BOOK</setSpec><setSpec>uge_dbu_RapidILL_BOOK</setSpec><setSpec>uge_cmu_RapidILL_BOOK</setSpec><setSpec>uge_mail_RapidILL_BOOK</setSpec><setSpec>UNIGE_ALL</setSpec><setSpec>uge_abbat_RapidILL_BOOK</setSpec><setSpec>uge_acar_RapidILL_BOOK</setSpec><setSpec>uge_aobs_RapidILL_BOOK</setSpec></header><metadata>
<record xmlns="http://www.loc.gov/MARC21/slim" xmlns:xsi="http://www.w3.org/2001/XMLSchema-instance" xsi:schemaLocation="http://www.loc.gov/MARC21/slim http://www.loc.gov/standards/marcxml/schema/MARC21slim.xsd"><leader>01135naa a2200265 c 4500</leader><controlfield tag="001">991000043279705502</controlfield><controlfield tag="005">20230407173808.0</controlfield><controlfield tag="008">130326s1931    xxu||||| |||| 00| ||eng d</controlfield><datafield ind1=" " ind2=" " tag="035"><subfield code="a">(swissbib)117164488-41slsp_network</subfield></datafield><datafield ind1=" " ind2=" " tag="035"><subfield code="a">117164488</subfield><subfield code="9">ExL</subfield></datafield><datafield ind1=" " ind2=" " tag="035"><subfield code="a">(RERO)R007265734-41slsp</subfield></datafield><datafield ind1=" " ind2=" " tag="035"><subfield code="a">(EXLNZ-41SLSP_NETWORK)991044746329705501</subfield></datafield><datafield ind1=" " ind2=" " tag="040"><subfield code="a">RERO geuair</subfield><subfield code="d">CH-ZuSLS</subfield></datafield><datafield ind1=" " ind2="7" tag="072"><subfield code="a">me</subfield><subfield code="2">rero</subfield></datafield><datafield ind1="1" ind2=" " tag="100"><subfield code="a">Johnson, H.M.</subfield><subfield code="0">(RERO)A023239369</subfield><subfield code="4">cre</subfield></datafield><datafield ind1="1" ind2="0" tag="245"><subfield code="a">Laird, Donald A., and Muller, Chas. G</subfield><subfield code="b">Sleep : why we need it and how to get it ...</subfield><subfield code="c">[H.M. Johnson, G.E. Weigand]</subfield></datafield><datafield ind1=" " ind2=" " tag="336"><subfield code="b">txt</subfield><subfield code="2">rdacontent</subfield></datafield><datafield ind1=" " ind2=" " tag="337"><subfield code="b">n</subfield><subfield code="2">rdamedia</subfield></datafield><datafield ind1=" " ind2=" " tag="338"><subfield code="b">nc</subfield><subfield code="2">rdacarrier</subfield></datafield><datafield ind1=" " ind2=" " tag="500"><subfield code="a">Recension d'un ouvrage sur le sommeil par deux membres du Simmons Investigation of Sleep, Mellon Institute of Industrial Research, Univ. of Pittsburgh</subfield></datafield><datafield ind1=" " ind2=" " tag="580"><subfield code="a">In: The psychological bulletin. - [Washington DC]. - Vol. 28(1931), no. 6, 8 p.</subfield></datafield><datafield ind1=" " ind2="7" tag="650"><subfield code="a">Sommeil</subfield><subfield code="0">(IDREF)027257088</subfield><subfield code="2">idref</subfield></datafield><datafield ind1=" " ind2="7" tag="655"><subfield code="a">Bibliographie critique</subfield><subfield code="0">(IDREF)027386538</subfield><subfield code="2">idref</subfield></datafield><datafield ind1="1" ind2=" " tag="700"><subfield code="a">Weigand, G. E.</subfield><subfield code="0">(IDREF)194093905</subfield></datafield><datafield ind1="0" ind2=" " tag="773"><subfield code="t">Psychological bulletin</subfield><subfield code="g">1931/6</subfield><subfield code="g">yr:1931</subfield><subfield code="w">(RERO)0677309-41slsp</subfield></datafield><datafield ind1=" " ind2=" " tag="900"><subfield code="a">REROnoselfmerge</subfield></datafield><datafield ind1=" " ind2=" " tag="990"><subfield code="a">aircla</subfield><subfield code="9">LOCAL</subfield></datafield></record>
</metadata></record>