<record><header><identifier>oai:alma.41SLSP_UGE:991000043799705502</identifier><datestamp>2023-03-29T00:16:43Z</datestamp><setSpec>uge_bcen_RapidILL_BOOK</setSpec><setSpec>uge_aaca_RapidILL_BOOK</setSpec><setSpec>uge_abels_RapidILL_BOOK</setSpec><setSpec>uge_dbu_RapidILL_BOOK</setSpec><setSpec>uge_cmu_RapidILL_BOOK</setSpec><setSpec>uge_mail_RapidILL_BOOK</setSpec><setSpec>uge_abbat_RapidILL_BOOK</setSpec><setSpec>UNIGE_ALL</setSpec><setSpec>uge_acar_RapidILL_BOOK</setSpec><setSpec>uge_aobs_RapidILL_BOOK</setSpec></header><metadata>
<record xmlns="http://www.loc.gov/MARC21/slim" xmlns:xsi="http://www.w3.org/2001/XMLSchema-instance" xsi:schemaLocation="http://www.loc.gov/MARC21/slim http://www.loc.gov/standards/marcxml/schema/MARC21slim.xsd"><leader>02533nam a2200541 c 4500</leader><controlfield tag="001">991000043799705502</controlfield><controlfield tag="005">20230328195739.0</controlfield><controlfield tag="008">201011r20062004xxua     |||| 000 0 eng| </controlfield><datafield ind1=" " ind2=" " tag="015"><subfield code="a">GBA616450</subfield><subfield code="2">bnb</subfield></datafield><datafield ind1=" " ind2=" " tag="020"><subfield code="a">0262582651</subfield><subfield code="q">pbk.</subfield></datafield><datafield ind1=" " ind2=" " tag="020"><subfield code="a">9780262582650</subfield><subfield code="q">pbk.</subfield></datafield><datafield ind1=" " ind2=" " tag="035"><subfield code="a">(swissbib)226302768-41slsp_network</subfield></datafield><datafield ind1=" " ind2=" " tag="035"><subfield code="a">226302768</subfield><subfield code="9">ExL</subfield></datafield><datafield ind1=" " ind2=" " tag="035"><subfield code="a">(NEBIS)005572246EBI01</subfield></datafield><datafield ind1=" " ind2=" " tag="035"><subfield code="a">(RERO)R007074518-41slsp</subfield></datafield><datafield ind1=" " ind2=" " tag="035"><subfield code="a">(EXLNZ-41SLSP_NETWORK)991108285229705501</subfield></datafield><datafield ind1=" " ind2=" " tag="040"><subfield code="a">StDuBDS</subfield><subfield code="d">CH-ZuSLS</subfield></datafield><datafield ind1=" " ind2="7" tag="072"><subfield code="a">se</subfield><subfield code="2">rero</subfield></datafield><datafield ind1="0" ind2="4" tag="082"><subfield code="a">338.3727</subfield><subfield code="2">22</subfield></datafield><datafield ind1="1" ind2=" " tag="100"><subfield code="a">Hannesson, Roegnvaldur</subfield><subfield code="0">(RERO)A003346085</subfield><subfield code="4">cre</subfield></datafield><datafield ind1="1" ind2="0" tag="245"><subfield code="a">&lt;&lt;The&gt;&gt; privatization of the oceans</subfield><subfield code="c">Rögnvaldur Hannesson</subfield></datafield><datafield ind1=" " ind2="1" tag="264"><subfield code="a">Cambridge</subfield><subfield code="b">MIT Press</subfield><subfield code="c">[2006]</subfield></datafield><datafield ind1=" " ind2=" " tag="300"><subfield code="a">202 S.</subfield><subfield code="b">Ill.</subfield></datafield><datafield ind1=" " ind2=" " tag="336"><subfield code="b">txt</subfield><subfield code="2">rdacontent</subfield></datafield><datafield ind1=" " ind2=" " tag="337"><subfield code="b">n</subfield><subfield code="2">rdamedia</subfield></datafield><datafield ind1=" " ind2=" " tag="338"><subfield code="b">nc</subfield><subfield code="2">rdacarrier</subfield></datafield><datafield ind1=" " ind2=" " tag="500"><subfield code="a">Originally published: 2004</subfield></datafield><datafield ind1=" " ind2="0" tag="650"><subfield code="a">Fisheries</subfield><subfield code="x">Limited entry licenses</subfield></datafield><datafield ind1=" " ind2="0" tag="650"><subfield code="a">Fishery management</subfield><subfield code="x">Economic aspects</subfield></datafield><datafield ind1=" " ind2="7" tag="650"><subfield code="a">ERHALTUNG VON FANGGRÜNDEN + FISCHEREIBESCHRÄNKUNGEN + FANGQUOTEN (FISCHEREI)</subfield><subfield code="9">ger</subfield><subfield code="0">(ETHUDK)000032059</subfield><subfield code="2">ethudk</subfield></datafield><datafield ind1=" " ind2="7" tag="650"><subfield code="a">FISCHEREIMANAGEMENT + FISCHEREIPLANUNG</subfield><subfield code="9">ger</subfield><subfield code="0">(ETHUDK)000050885</subfield><subfield code="2">ethudk</subfield></datafield><datafield ind1=" " ind2="7" tag="650"><subfield code="a">FISCHEREIPOLITIK</subfield><subfield code="9">ger</subfield><subfield code="0">(ETHUDK)000064356</subfield><subfield code="2">ethudk</subfield></datafield><datafield ind1=" " ind2="7" tag="650"><subfield code="a">FISCHEREIRECHT + JAGDRECHT (SACHENRECHT)</subfield><subfield code="9">ger</subfield><subfield code="0">(ETHUDK)000011346</subfield><subfield code="2">ethudk</subfield></datafield><datafield ind1=" " ind2="7" tag="650"><subfield code="a">GEWÄSSERSCHUTZ DER MEERE (UMWELTPROBLEME)</subfield><subfield code="9">ger</subfield><subfield code="0">(ETHUDK)000042677</subfield><subfield code="2">ethudk</subfield></datafield><datafield ind1=" " ind2="7" tag="650"><subfield code="a">HOHEITSGEWÄSSER (INTERNATIONALES RECHT)</subfield><subfield code="9">ger</subfield><subfield code="0">(ETHUDK)000011021</subfield><subfield code="2">ethudk</subfield></datafield><datafield ind1=" " ind2="7" tag="650"><subfield code="a">MEERESFISCHEREI + HOCHSEEFISCHEREI</subfield><subfield code="9">ger</subfield><subfield code="0">(ETHUDK)000032081</subfield><subfield code="2">ethudk</subfield></datafield><datafield ind1=" " ind2="7" tag="650"><subfield code="a">WELTMEERE (OZEANOGRAPHIE)</subfield><subfield code="9">ger</subfield><subfield code="0">(ETHUDK)000020157</subfield><subfield code="2">ethudk</subfield></datafield><datafield ind1=" " ind2="7" tag="650"><subfield code="a">océan - gestion</subfield><subfield code="0">(RERO)A010125054</subfield><subfield code="2">rerovoc</subfield></datafield><datafield ind1=" " ind2="7" tag="650"><subfield code="a">pêcherie - gestion</subfield><subfield code="0">(RERO)A010129528</subfield><subfield code="2">rerovoc</subfield></datafield><datafield ind1=" " ind2="7" tag="650"><subfield code="a">Économie politique</subfield><subfield code="0">(IDREF)027790479</subfield><subfield code="2">idref</subfield></datafield><datafield ind1=" " ind2="7" tag="650"><subfield code="a">Droit de la mer</subfield><subfield code="0">(IDREF)027771431</subfield><subfield code="2">idref</subfield></datafield><datafield ind1=" " ind2="7" tag="650"><subfield code="a">Pêches</subfield><subfield code="0">(IDREF)027246124</subfield><subfield code="2">idref</subfield></datafield><datafield ind1=" " ind2="7" tag="650"><subfield code="a">Privatisations</subfield><subfield code="0">(IDREF)027798763</subfield><subfield code="2">idref</subfield></datafield><datafield ind1="1" ind2=" " tag="700"><subfield code="a">Hannesson, Rögnvaldur</subfield><subfield code="d">1943-</subfield><subfield code="0">(DE-588)170220427</subfield></datafield><datafield ind1="4" ind2=" " tag="856"><subfield code="3">Titelblatt und Inhaltsverzeichnis</subfield><subfield code="u">https://toc.library.ethz.ch/objects/pdf/e16_978-0-262-58265-0_01.pdf</subfield><subfield code="q">pdf</subfield></datafield><datafield ind1="4" ind2=" " tag="856"><subfield code="3">Abstract / Autoreninformation</subfield><subfield code="u">https://toc.library.ethz.ch/objects/pdf/e16_978-0-262-58265-0_02.pdf</subfield><subfield code="q">pdf</subfield></datafield><datafield ind1=" " ind2=" " tag="900"><subfield code="a">REROnoselfmerge</subfield></datafield><datafield ind1=" " ind2=" " tag="949"><subfield code="a">https://toc.library.ethz.ch/objects/pdf/e16_978-0-262-58265-0_01.pdf</subfield></datafield><datafield ind1=" " ind2=" " tag="949"><subfield code="a">https://toc.library.ethz.ch/objects/pdf/e16_978-0-262-58265-0_02.pdf</subfield></datafield></record>
</metadata></record>