<record><header><identifier>oai:alma.41SLSP_UGE:991000043699705502</identifier><datestamp>2023-03-01T01:09:12Z</datestamp><setSpec>uge_bcen_RapidILL_BOOK</setSpec><setSpec>uge_aaca_RapidILL_BOOK</setSpec><setSpec>uge_abels_RapidILL_BOOK</setSpec><setSpec>uge_dbu_RapidILL_BOOK</setSpec><setSpec>uge_cmu_RapidILL_BOOK</setSpec><setSpec>uge_mail_RapidILL_BOOK</setSpec><setSpec>UNIGE_ALL</setSpec><setSpec>uge_abbat_RapidILL_BOOK</setSpec><setSpec>uge_aobs_RapidILL_BOOK</setSpec><setSpec>uge_acar_RapidILL_BOOK</setSpec></header><metadata>
<record xmlns="http://www.loc.gov/MARC21/slim" xmlns:xsi="http://www.w3.org/2001/XMLSchema-instance" xsi:schemaLocation="http://www.loc.gov/MARC21/slim http://www.loc.gov/standards/marcxml/schema/MARC21slim.xsd"><leader>01571nam a2200313 c 4500</leader><controlfield tag="001">991000043699705502</controlfield><controlfield tag="005">20201225180715.0</controlfield><controlfield tag="008">880309s1958    sz ||||| |||| 00| ||ger d</controlfield><datafield ind1=" " ind2=" " tag="035"><subfield code="a">(swissbib)082555133-41slsp_network</subfield></datafield><datafield ind1=" " ind2=" " tag="035"><subfield code="a">082555133</subfield><subfield code="9">ExL</subfield></datafield><datafield ind1=" " ind2=" " tag="035"><subfield code="a">(RERO)0950589-41slsp</subfield></datafield><datafield ind1=" " ind2=" " tag="035"><subfield code="a">(EXLNZ-41SLSP_NETWORK)991033536399705501</subfield></datafield><datafield ind1=" " ind2=" " tag="040"><subfield code="a">RERO geudbu</subfield><subfield code="d">CH-ZuSLS</subfield></datafield><datafield ind1=" " ind2="7" tag="072"><subfield code="a">in</subfield><subfield code="2">rero</subfield></datafield><datafield ind1="0" ind2="0" tag="245"><subfield code="a">Automatisierung an Werkzeugmaschinen</subfield><subfield code="c">Eduard Gerecke, Ernst Saljé</subfield></datafield><datafield ind1=" " ind2="1" tag="264"><subfield code="a">Zürich</subfield><subfield code="b">Association suisse pour l'automatique</subfield><subfield code="c">[1958?]</subfield></datafield><datafield ind1=" " ind2=" " tag="300"><subfield code="a">41 p.</subfield><subfield code="b">ill.</subfield><subfield code="c">30 cm</subfield></datafield><datafield ind1=" " ind2=" " tag="336"><subfield code="b">txt</subfield><subfield code="2">rdacontent</subfield></datafield><datafield ind1=" " ind2=" " tag="337"><subfield code="b">n</subfield><subfield code="2">rdamedia</subfield></datafield><datafield ind1=" " ind2=" " tag="338"><subfield code="b">nc</subfield><subfield code="2">rdacarrier</subfield></datafield><datafield ind1="1" ind2=" " tag="490"><subfield code="a">Bericht der Schweizerischen Gesellschaft für Automatik</subfield><subfield code="v">Nr. 3</subfield></datafield><datafield ind1=" " ind2=" " tag="500"><subfield code="a">Contient : Übersicht über die vollautomatischen elektronischen Steuerungen von Werkzeugmaschinen / von Eduard Gerecke. Elemente für Werkzeugmaschinen mit automatisierter Schlittenbewegung / von Ernst Saljé</subfield></datafield><datafield ind1=" " ind2=" " tag="580"><subfield code="a">Tiré à part de: Technische Rundschau. - 1957, Jg. 49, Nr. 39. 1958, Jg. 50, Nr. 28, 29, 31</subfield></datafield><datafield ind1="1" ind2="2" tag="700"><subfield code="a">Gerecke, Eduard</subfield><subfield code="t">Übersicht über die vollautomatischen elektronischen Steuerungen von Werkzeugmashinen</subfield></datafield><datafield ind1="1" ind2="2" tag="700"><subfield code="a">Saljé, Ernst</subfield><subfield code="t">Elemente für Werkzeugmaschinen mit automatisierter Schlittenbewegung</subfield></datafield><datafield ind1="1" ind2=" " tag="700"><subfield code="a">Gerecke, Eduard</subfield></datafield><datafield ind1="1" ind2=" " tag="700"><subfield code="a">Saljé, Ernst</subfield></datafield><datafield ind1=" " ind2=" " tag="830"><subfield code="a">Bericht der Schweizerischen Gesellschaft für Automatik</subfield><subfield code="v">3</subfield><subfield code="w">(RERO)0948498-41slsp</subfield></datafield><datafield ind1=" " ind2=" " tag="900"><subfield code="a">REROnoselfmerge</subfield></datafield></record>
</metadata></record>