<record><header><identifier>oai:alma.41SLSP_UGE:991000043479705502</identifier><datestamp>2024-05-18T00:27:19Z</datestamp><setSpec>uge_bcen_RapidILL_BOOK</setSpec><setSpec>uge_aaca_RapidILL_BOOK</setSpec><setSpec>uge_abels_RapidILL_BOOK</setSpec><setSpec>uge_dbu_RapidILL_BOOK</setSpec><setSpec>uge_cmu_RapidILL_BOOK</setSpec><setSpec>uge_mail_RapidILL_BOOK</setSpec><setSpec>uge_abbat_RapidILL_BOOK</setSpec><setSpec>UNIGE_ALL</setSpec><setSpec>uge_acar_RapidILL_BOOK</setSpec><setSpec>uge_aobs_RapidILL_BOOK</setSpec></header><metadata>
<record xmlns="http://www.loc.gov/MARC21/slim" xmlns:xsi="http://www.w3.org/2001/XMLSchema-instance" xsi:schemaLocation="http://www.loc.gov/MARC21/slim http://www.loc.gov/standards/marcxml/schema/MARC21slim.xsd"><leader>01909nam a2200409uc 4500</leader><controlfield tag="001">991000043479705502</controlfield><controlfield tag="005">20230116183257.0</controlfield><controlfield tag="008">201011t19931993fr c   |      10| ||fre|d</controlfield><datafield ind1=" " ind2=" " tag="020"><subfield code="a">2222047625</subfield></datafield><datafield ind1="7" ind2=" " tag="024"><subfield code="a">http://catalogue.bnf.fr/ark:/12148/cb35593421k</subfield><subfield code="2">uri</subfield></datafield><datafield ind1=" " ind2=" " tag="035"><subfield code="a">(swissbib)225984229-41slsp_network</subfield></datafield><datafield ind1=" " ind2=" " tag="035"><subfield code="a">225984229</subfield><subfield code="9">ExL</subfield></datafield><datafield ind1=" " ind2=" " tag="035"><subfield code="a">(NEBIS)000942134EBI01</subfield></datafield><datafield ind1=" " ind2=" " tag="035"><subfield code="a">(RERO)1776033-41slsp</subfield></datafield><datafield ind1=" " ind2=" " tag="035"><subfield code="a">(IDSBB)003588426DSV01</subfield></datafield><datafield ind1=" " ind2=" " tag="035"><subfield code="a">(EXLNZ-41SLSP_NETWORK)991068390289705501</subfield></datafield><datafield ind1=" " ind2=" " tag="040"><subfield code="a">ETH-BIB</subfield><subfield code="b">ger</subfield><subfield code="e">ETHICS-ISBD</subfield><subfield code="d">CH-ZuSLS</subfield></datafield><datafield ind1=" " ind2="7" tag="072"><subfield code="a">bo</subfield><subfield code="2">rero</subfield></datafield><datafield ind1="0" ind2="0" tag="245"><subfield code="a">Pour une histoire de l'environnement</subfield><subfield code="c">éd. par Corinne Beck et Robert Delort</subfield></datafield><datafield ind1=" " ind2="1" tag="264"><subfield code="a">Paris</subfield><subfield code="b">CNRS Editions</subfield><subfield code="c">[1993]</subfield></datafield><datafield ind1=" " ind2="4" tag="264"><subfield code="c">©1993</subfield></datafield><datafield ind1=" " ind2=" " tag="300"><subfield code="a">272 S.</subfield><subfield code="c">24 cm</subfield><subfield code="b">Ill., Karten</subfield></datafield><datafield ind1=" " ind2=" " tag="336"><subfield code="b">txt</subfield><subfield code="2">rdacontent</subfield></datafield><datafield ind1=" " ind2=" " tag="337"><subfield code="b">n</subfield><subfield code="2">rdamedia</subfield></datafield><datafield ind1=" " ind2=" " tag="338"><subfield code="b">nc</subfield><subfield code="2">rdacarrier</subfield></datafield><datafield ind1=" " ind2=" " tag="500"><subfield code="a">Zusatztitel auf dem Umschlag: Travaux du Programme Interdisciplinaire de Recherche sur l'Environnement</subfield></datafield><datafield ind1=" " ind2=" " tag="500"><subfield code="a">&quot;Actes du programme scientifique et du Colloque de mars 1991 sur l'Histoire de l'Environnement et des Phénomènes Naturels&quot;</subfield></datafield><datafield ind1=" " ind2=" " tag="504"><subfield code="a">Références bibliogr</subfield></datafield><datafield ind1=" " ind2=" " tag="520"><subfield code="a">Umweltgeschichte - Geologie</subfield><subfield code="5">ubs-Archäologie</subfield></datafield><datafield ind1=" " ind2="7" tag="650"><subfield code="a">MENSCHLICH BEDINGTE UMWELTBELASTUNG</subfield><subfield code="9">ger</subfield><subfield code="0">(ETHUDK)000012404</subfield><subfield code="2">ethudk</subfield></datafield><datafield ind1=" " ind2="7" tag="650"><subfield code="a">UMWELTGESCHICHTE, UMWELTBELASTUNGSGESCHICHTE, UMWELTSCHUTZGESCHICHTE</subfield><subfield code="9">ger</subfield><subfield code="0">(ETHUDK)000042477</subfield><subfield code="2">ethudk</subfield></datafield><datafield ind1=" " ind2="7" tag="650"><subfield code="a">Environnement</subfield><subfield code="0">(IDREF)027772616</subfield><subfield code="2">idref</subfield></datafield><datafield ind1=" " ind2="7" tag="655"><subfield code="a">Actes de congrès</subfield><subfield code="0">(IDREF)02886431X</subfield><subfield code="2">idref</subfield></datafield><datafield ind1="1" ind2=" " tag="700"><subfield code="a">Delort, Robert</subfield><subfield code="d">1932-....</subfield><subfield code="0">(IDREF)026821842</subfield></datafield><datafield ind1="1" ind2=" " tag="700"><subfield code="a">Beck, Corinne</subfield><subfield code="d">1953-....</subfield><subfield code="0">(IDREF)030518423</subfield></datafield><datafield ind1="2" ind2=" " tag="710"><subfield code="a">Centre National de la Recherche Scientifique</subfield><subfield code="g">Paris</subfield><subfield code="b">Programme Interdisciplinaire de Recherche sur l'Environnement</subfield><subfield code="0">(DE-588)1091631-3</subfield></datafield><datafield ind1="2" ind2=" " tag="711"><subfield code="a">Colloque sur l'Histoire de l'Environnement et des Phénomènes Naturels</subfield><subfield code="d">1991</subfield><subfield code="0">(DE-588)1091337950</subfield></datafield><datafield ind1=" " ind2=" " tag="900"><subfield code="a">REROnoselfmerge</subfield></datafield></record>
</metadata></record>