<record><header><identifier>oai:alma.41SLSP_UGE:991000044109705502</identifier><datestamp>2024-03-09T01:43:01Z</datestamp><setSpec>uge_bcen_RapidILL_BOOK</setSpec><setSpec>uge_aaca_RapidILL_BOOK</setSpec><setSpec>uge_abels_RapidILL_BOOK</setSpec><setSpec>uge_dbu_RapidILL_BOOK</setSpec><setSpec>uge_cmu_RapidILL_BOOK</setSpec><setSpec>uge_mail_RapidILL_BOOK</setSpec><setSpec>uge_abbat_RapidILL_BOOK</setSpec><setSpec>UNIGE_ALL</setSpec><setSpec>uge_acar_RapidILL_BOOK</setSpec><setSpec>uge_aobs_RapidILL_BOOK</setSpec></header><metadata>
<record xmlns="http://www.loc.gov/MARC21/slim" xmlns:xsi="http://www.w3.org/2001/XMLSchema-instance" xsi:schemaLocation="http://www.loc.gov/MARC21/slim http://www.loc.gov/standards/marcxml/schema/MARC21slim.xsd"><leader>03330nam a2200781 c 4500</leader><controlfield tag="001">991000044109705502</controlfield><controlfield tag="005">20240308032546.0</controlfield><controlfield tag="008">201012s2002    gw            00| | ger d</controlfield><datafield ind1=" " ind2=" " tag="020"><subfield code="a">3534014286</subfield></datafield><datafield ind1=" " ind2=" " tag="035"><subfield code="a">(swissbib)236428454-41slsp_network</subfield></datafield><datafield ind1=" " ind2=" " tag="035"><subfield code="a">236428454</subfield><subfield code="9">ExL</subfield></datafield><datafield ind1=" " ind2=" " tag="035"><subfield code="a">(NEBIS)004336484EBI01</subfield></datafield><datafield ind1=" " ind2=" " tag="035"><subfield code="a">(IDSBB)002517385DSV01</subfield></datafield><datafield ind1=" " ind2=" " tag="035"><subfield code="a">(RERO)R003189454-41slsp</subfield></datafield><datafield ind1=" " ind2=" " tag="035"><subfield code="a">(IDSLU)000238943ILU01</subfield></datafield><datafield ind1=" " ind2=" " tag="035"><subfield code="a">(ABN)000115406ABN01</subfield></datafield><datafield ind1=" " ind2=" " tag="035"><subfield code="a">(EXLNZ-41SLSP_NETWORK)991094919329705501</subfield></datafield><datafield ind1=" " ind2=" " tag="040"><subfield code="a">SzZuIDS BS/BE A190</subfield><subfield code="d">CH-ZuSLS</subfield></datafield><datafield ind1="1" ind2=" " tag="041"><subfield code="a">ger</subfield><subfield code="a">lat</subfield><subfield code="h">lat</subfield></datafield><datafield ind1=" " ind2="7" tag="072"><subfield code="a">ng</subfield><subfield code="2">SzZuIDS BS/BE</subfield></datafield><datafield ind1=" " ind2="7" tag="072"><subfield code="a">hm</subfield><subfield code="2">rero</subfield></datafield><datafield ind1=" " ind2="7" tag="072"><subfield code="a">630</subfield><subfield code="2">IDS LU</subfield></datafield><datafield ind1=" " ind2="7" tag="072"><subfield code="a">780</subfield><subfield code="2">IDS LU</subfield></datafield><datafield ind1="0" ind2="4" tag="082"><subfield code="a">909</subfield><subfield code="2">22/ger</subfield></datafield><datafield ind1="0" ind2="4" tag="082"><subfield code="a">270.4</subfield></datafield><datafield ind1="1" ind2="4" tag="082"><subfield code="a">900</subfield><subfield code="2">15</subfield></datafield><datafield ind1=" " ind2=" " tag="084"><subfield code="a">PW 2020</subfield><subfield code="2">rvk</subfield></datafield><datafield ind1=" " ind2=" " tag="084"><subfield code="a">NM 1100</subfield><subfield code="2">rvk</subfield></datafield><datafield ind1="0" ind2="0" tag="245"><subfield code="a">Bertholds und Bernolds Chroniken</subfield><subfield code="c">hrsg. von Ian Stuart Robinson ; übers. von Helga Robinson-Hammerstein ... [et al.]</subfield></datafield><datafield ind1="1" ind2="1" tag="246"><subfield code="a">Bertholdi et Bernoldi chronica</subfield></datafield><datafield ind1=" " ind2="1" tag="264"><subfield code="a">Darmstadt</subfield><subfield code="b">Wissenschaftliche Buchgesellschaft</subfield><subfield code="c">[2002]</subfield></datafield><datafield ind1=" " ind2="4" tag="264"><subfield code="c">© 2002</subfield></datafield><datafield ind1=" " ind2=" " tag="300"><subfield code="a">453 S.</subfield><subfield code="c">23 cm</subfield></datafield><datafield ind1=" " ind2=" " tag="336"><subfield code="b">txt</subfield><subfield code="2">rdacontent</subfield></datafield><datafield ind1=" " ind2=" " tag="337"><subfield code="b">n</subfield><subfield code="2">rdamedia</subfield></datafield><datafield ind1=" " ind2=" " tag="338"><subfield code="b">nc</subfield><subfield code="2">rdacarrier</subfield></datafield><datafield ind1="1" ind2=" " tag="490"><subfield code="a">Ausgewählte Quellen zur deutschen Geschichte des Mittelalters</subfield><subfield code="v">Band 14</subfield></datafield><datafield ind1=" " ind2=" " tag="500"><subfield code="a">Originaltitel: Bertholdi chronicon (lat. Zitiertitel des 1. enthaltenen Werkes)</subfield></datafield><datafield ind1=" " ind2=" " tag="500"><subfield code="a">Originaltitel: Bernoldi chronicon (lat. Zitiertitel des 2. enthaltenen Werkes)</subfield></datafield><datafield ind1=" " ind2=" " tag="500"><subfield code="a">Lateinischer Text mit deutscher Übersetzung</subfield></datafield><datafield ind1=" " ind2=" " tag="500"><subfield code="a">Lat.-dt. Paralleltext</subfield></datafield><datafield ind1="0" ind2="0" tag="600"><subfield code="a">Bernold</subfield><subfield code="c">of Constance</subfield><subfield code="d">approximately 1054-1100</subfield><subfield code="t">Chronik</subfield></datafield><datafield ind1="0" ind2="0" tag="600"><subfield code="a">Berthold</subfield><subfield code="c">Abbot of Zwiefalten</subfield><subfield code="d">approximately 1089-approximately 1169</subfield><subfield code="t">Chronicon</subfield></datafield><datafield ind1=" " ind2="7" tag="648"><subfield code="a">Geschichte</subfield><subfield code="2">idszbz</subfield></datafield><datafield ind1=" " ind2="7" tag="650"><subfield code="a">Investiturstreit</subfield><subfield code="2">idszbz</subfield></datafield><datafield ind1=" " ind2="7" tag="650"><subfield code="a">Chronik</subfield><subfield code="z">Deutschland</subfield><subfield code="y">Geschichte 11. Jh</subfield><subfield code="v">Text</subfield><subfield code="2">idsbb</subfield></datafield><datafield ind1=" " ind2="7" tag="650"><subfield code="a">Geschichtsschreibung</subfield><subfield code="z">Deutschland</subfield><subfield code="y">Geschichte 11. Jh</subfield><subfield code="v">Text</subfield><subfield code="2">idsbb</subfield></datafield><datafield ind1=" " ind2="7" tag="650"><subfield code="a">Investiturstreit</subfield><subfield code="v">Quelle</subfield><subfield code="2">idsbb</subfield></datafield><datafield ind1=" " ind2="7" tag="650"><subfield code="a">Investitures, Querelle des</subfield><subfield code="0">(IDREF)027368661</subfield><subfield code="2">idref</subfield></datafield><datafield ind1=" " ind2="7" tag="650"><subfield code="a">Chroniques allemandes</subfield><subfield code="0">(IDREF)028336089</subfield><subfield code="2">idref</subfield></datafield><datafield ind1=" " ind2="7" tag="650"><subfield code="a">Investiturstreit</subfield><subfield code="0">(DE-588)4027580-2</subfield><subfield code="2">gnd</subfield></datafield><datafield ind1=" " ind2="7" tag="655"><subfield code="a">Quelle</subfield><subfield code="2">idszbz</subfield></datafield><datafield ind1=" " ind2="7" tag="655"><subfield code="a">[document]</subfield><subfield code="2">rerovoc</subfield><subfield code="0">(RERO)A010182398</subfield></datafield><datafield ind1=" " ind2="7" tag="655"><subfield code="a">[chroniques]</subfield><subfield code="2">rerovoc</subfield><subfield code="0">(RERO)A009950021</subfield></datafield><datafield ind1=" " ind2="7" tag="655"><subfield code="a">Quelle</subfield><subfield code="2">gnd-content</subfield></datafield><datafield ind1="0" ind2=" " tag="700"><subfield code="a">Berthold</subfield><subfield code="c">von Reichenau</subfield><subfield code="d">1030-1088</subfield></datafield><datafield ind1="1" ind2=" " tag="700"><subfield code="a">Robinson, Ian S.</subfield><subfield code="d">1947-</subfield><subfield code="0">(DE-588)139879455</subfield></datafield><datafield ind1="0" ind2="2" tag="700"><subfield code="a">Berthold</subfield><subfield code="c">von Reichenau</subfield><subfield code="d">1030-1088</subfield><subfield code="t">Chronicon</subfield></datafield><datafield ind1="0" ind2="2" tag="700"><subfield code="a">Bertholdus</subfield><subfield code="c">Augiensis</subfield><subfield code="d">1030-1088</subfield><subfield code="t">Chronicon</subfield></datafield><datafield ind1="0" ind2=" " tag="700"><subfield code="a">Bertholdus</subfield><subfield code="c">Augiensis</subfield><subfield code="d">1030-1088</subfield><subfield code="0">(DE-588)100937977</subfield></datafield><datafield ind1="0" ind2="2" tag="700"><subfield code="a">Bernoldus</subfield><subfield code="c">Constantiensis</subfield><subfield code="d">1054-1100</subfield><subfield code="t">Chronicon</subfield></datafield><datafield ind1="1" ind2=" " tag="700"><subfield code="a">Robinson, Ian Stuart</subfield><subfield code="c">historien</subfield><subfield code="d">1947-....</subfield><subfield code="0">(IDREF)031485510</subfield></datafield><datafield ind1="0" ind2=" " tag="700"><subfield code="a">Bernoldus</subfield><subfield code="c">Constantiensis</subfield><subfield code="d">1054-1100</subfield><subfield code="0">(DE-588)119422352</subfield></datafield><datafield ind1="1" ind2=" " tag="700"><subfield code="a">Robinson-Hammerstein, Helga</subfield><subfield code="d">1938-2018</subfield><subfield code="0">(DE-588)124359361</subfield></datafield><datafield ind1=" " ind2=" " tag="830"><subfield code="a">Ausgewählte Quellen zur deutschen Geschichte des Mittelalters</subfield><subfield code="v">14</subfield><subfield code="w">(NEBIS)000995263EBI01</subfield></datafield><datafield ind1=" " ind2=" " tag="830"><subfield code="a">Ausgewählte Quellen zur deutschen Geschichte des Mittelalters</subfield><subfield code="v">14</subfield><subfield code="w">(IDSBB)000020773DSV01</subfield></datafield><datafield ind1=" " ind2=" " tag="900"><subfield code="a">IDSZ2zbzmon200206i</subfield><subfield code="c">IDSZ2veze</subfield><subfield code="d">IDSZ2zbzswk200210b</subfield><subfield code="e">IDSZ2brue</subfield></datafield><datafield ind1=" " ind2=" " tag="900"><subfield code="a">IDSZ2rwimon200304l</subfield><subfield code="c">IDSZ2buche</subfield><subfield code="d">IDSZ2rwiswk200304u</subfield></datafield><datafield ind1=" " ind2=" " tag="900"><subfield code="a">REROnoselfmerge</subfield></datafield></record>
</metadata></record>