<record><header><identifier>oai:alma.41SLSP_UGE:991000043709705502</identifier><datestamp>2023-06-08T00:54:10Z</datestamp><setSpec>uge_bcen_RapidILL_BOOK</setSpec><setSpec>uge_aaca_RapidILL_BOOK</setSpec><setSpec>uge_abels_RapidILL_BOOK</setSpec><setSpec>uge_dbu_RapidILL_BOOK</setSpec><setSpec>uge_cmu_RapidILL_BOOK</setSpec><setSpec>uge_mail_RapidILL_BOOK</setSpec><setSpec>uge_abbat_RapidILL_BOOK</setSpec><setSpec>UNIGE_ALL</setSpec><setSpec>uge_acar_RapidILL_BOOK</setSpec><setSpec>uge_aobs_RapidILL_BOOK</setSpec></header><metadata>
<record xmlns="http://www.loc.gov/MARC21/slim" xmlns:xsi="http://www.w3.org/2001/XMLSchema-instance" xsi:schemaLocation="http://www.loc.gov/MARC21/slim http://www.loc.gov/standards/marcxml/schema/MARC21slim.xsd"><leader>03505nam a2200361 c 4500</leader><controlfield tag="001">991000043709705502</controlfield><controlfield tag="005">20230606142953.0</controlfield><controlfield tag="008">171215s2015    gr ||||| |||| 00| ||gre d</controlfield><datafield ind1=" " ind2=" " tag="020"><subfield code="a">9789609376563</subfield></datafield><datafield ind1=" " ind2=" " tag="035"><subfield code="a">(swissbib)124434916-41slsp_network</subfield></datafield><datafield ind1=" " ind2=" " tag="035"><subfield code="a">124434916</subfield><subfield code="9">ExL</subfield></datafield><datafield ind1=" " ind2=" " tag="035"><subfield code="a">(RERO)R008745014-41slsp</subfield></datafield><datafield ind1=" " ind2=" " tag="035"><subfield code="a">(EXLNZ-41SLSP_NETWORK)991002715999705501</subfield></datafield><datafield ind1=" " ind2=" " tag="040"><subfield code="a">RERO geulgm</subfield><subfield code="d">CH-ZuSLS</subfield></datafield><datafield ind1="1" ind2=" " tag="041"><subfield code="a">gre</subfield><subfield code="h">ger</subfield></datafield><datafield ind1=" " ind2="7" tag="072"><subfield code="a">gr</subfield><subfield code="2">rero</subfield></datafield><datafield ind1="0" ind2="0" tag="245"><subfield code="a">Επιστολές αυτόπτη μάρτυρα και ένα υπόμνημα του πρίγκιπα Γεωργίου Καντακουζηνού για την ελληνική Επανάσταση</subfield><subfield code="b">Χάλλη της Σαξονίας 1824</subfield><subfield code="c">μετάφραση Χρίστος Μ. Οικονόμου ; εισαγωγή, σχόλια, επιμ. Βασίλης Παναγιωτόπουλος</subfield></datafield><datafield ind1=" " ind2="1" tag="264"><subfield code="a">Αθήνα</subfield><subfield code="b">Πόλις</subfield><subfield code="c">2015</subfield></datafield><datafield ind1=" " ind2=" " tag="300"><subfield code="a">414 p.</subfield></datafield><datafield ind1=" " ind2=" " tag="336"><subfield code="b">txt</subfield><subfield code="2">rdacontent</subfield></datafield><datafield ind1=" " ind2=" " tag="337"><subfield code="b">n</subfield><subfield code="2">rdamedia</subfield></datafield><datafield ind1=" " ind2=" " tag="338"><subfield code="b">nc</subfield><subfield code="2">rdacarrier</subfield></datafield><datafield ind1="0" ind2=" " tag="490"><subfield code="a">Μαρτυρίες για τον νέο ελληνισμό</subfield></datafield><datafield ind1=" " ind2=" " tag="500"><subfield code="a">Trad. de : Briefe eines Augenzeugen des griechischen Revolution vom Jahre 1821</subfield></datafield><datafield ind1=" " ind2="7" tag="650"><subfield code="a">Histoire</subfield><subfield code="0">(IDREF)02726470X</subfield><subfield code="2">idref</subfield></datafield><datafield ind1=" " ind2="7" tag="650"><subfield code="a">19e siècle (1re moitié)</subfield><subfield code="0">(RERO)A022549630</subfield><subfield code="2">rero</subfield></datafield><datafield ind1=" " ind2="7" tag="651"><subfield code="a">Grèce</subfield><subfield code="0">(IDREF)027228428</subfield><subfield code="2">idref</subfield></datafield><datafield ind1=" " ind2="7" tag="651"><subfield code="a">Grèce</subfield><subfield code="y">1821-1829 (Guerre d'Indépendance)</subfield><subfield code="0">(IDREF)027596273</subfield><subfield code="2">idref</subfield></datafield><datafield ind1="1" ind2=" " tag="700"><subfield code="6">880-02</subfield><subfield code="a">Oikonómou, CHrístos M.</subfield><subfield code="0">(IDREF)19458948X</subfield><subfield code="4">trl</subfield></datafield><datafield ind1="1" ind2=" " tag="880"><subfield code="6">700-02/(S</subfield><subfield code="a">Οικονόμου, Χρίστος Μ.</subfield></datafield><datafield ind1="1" ind2=" " tag="700"><subfield code="6">880-03</subfield><subfield code="a">Panagiōtópoulos, Vasílīs</subfield><subfield code="d">1932-....</subfield><subfield code="0">(IDREF)130350567</subfield><subfield code="4">wac</subfield><subfield code="4">win</subfield></datafield><datafield ind1="1" ind2=" " tag="880"><subfield code="6">700-03/(S</subfield><subfield code="a">Παναγιωτόπουλος, Βασίλης</subfield><subfield code="d">1932-....</subfield></datafield><datafield ind1="1" ind2=" " tag="700"><subfield code="6">880-01</subfield><subfield code="a">Kantakouzīnós, Geṓrgios</subfield><subfield code="d">1786-1857</subfield><subfield code="0">(IDREF)270238506</subfield></datafield><datafield ind1="1" ind2=" " tag="880"><subfield code="6">700-01/(S</subfield><subfield code="a">Καντακουζηνός, Γεώργιος</subfield><subfield code="d">1786-1857</subfield></datafield></record>
</metadata></record>