<record><header><identifier>oai:alma.41SLSP_UGE:991000043399705502</identifier><datestamp>2023-03-01T01:09:12Z</datestamp><setSpec>uge_bcen_RapidILL_BOOK</setSpec><setSpec>uge_aaca_RapidILL_BOOK</setSpec><setSpec>uge_abels_RapidILL_BOOK</setSpec><setSpec>uge_dbu_RapidILL_BOOK</setSpec><setSpec>uge_cmu_RapidILL_BOOK</setSpec><setSpec>uge_mail_RapidILL_BOOK</setSpec><setSpec>UNIGE_ALL</setSpec><setSpec>uge_abbat_RapidILL_BOOK</setSpec><setSpec>uge_aobs_RapidILL_BOOK</setSpec><setSpec>uge_acar_RapidILL_BOOK</setSpec></header><metadata>
<record xmlns="http://www.loc.gov/MARC21/slim" xmlns:xsi="http://www.w3.org/2001/XMLSchema-instance" xsi:schemaLocation="http://www.loc.gov/MARC21/slim http://www.loc.gov/standards/marcxml/schema/MARC21slim.xsd"><leader>03767nam a2200745uc 4500</leader><controlfield tag="001">991000043399705502</controlfield><controlfield tag="005">20201231103939.0</controlfield><controlfield tag="008">201012s1982    sz ||||| |||| 00| ||mul d</controlfield><datafield ind1=" " ind2=" " tag="019"><subfield code="a">Notices analytiques chaînées !</subfield><subfield code="5">RERO/26.01.1993/laacv-/jlc</subfield></datafield><datafield ind1=" " ind2=" " tag="035"><subfield code="a">(swissbib)237721708-41slsp_network</subfield></datafield><datafield ind1=" " ind2=" " tag="035"><subfield code="a">237721708</subfield><subfield code="9">ExL</subfield></datafield><datafield ind1=" " ind2=" " tag="035"><subfield code="a">(IDSBB)000421328DSV01</subfield></datafield><datafield ind1=" " ind2=" " tag="035"><subfield code="a">(IDSSG)000340788HSB01</subfield></datafield><datafield ind1=" " ind2=" " tag="035"><subfield code="a">(NEBIS)005524016EBI01</subfield></datafield><datafield ind1=" " ind2=" " tag="035"><subfield code="a">(RERO)0453920-41slsp</subfield></datafield><datafield ind1=" " ind2=" " tag="035"><subfield code="a">(EXLNZ-41SLSP_NETWORK)991048911079705501</subfield></datafield><datafield ind1=" " ind2=" " tag="040"><subfield code="a">SzZuIDS BS/BE A100</subfield><subfield code="b">ger</subfield><subfield code="e">kids</subfield><subfield code="d">CH-ZuSLS</subfield></datafield><datafield ind1="0" ind2=" " tag="041"><subfield code="a">eng</subfield><subfield code="a">fre</subfield></datafield><datafield ind1=" " ind2=" " tag="044"><subfield code="a">sz</subfield><subfield code="c">ch-ge</subfield></datafield><datafield ind1=" " ind2="7" tag="072"><subfield code="a">an</subfield><subfield code="2">SzZuIDS BS/BE</subfield></datafield><datafield ind1=" " ind2="7" tag="072"><subfield code="a">an</subfield><subfield code="2">rero</subfield></datafield><datafield ind1="0" ind2="4" tag="082"><subfield code="a">821/.7</subfield><subfield code="a">B</subfield><subfield code="2">19</subfield></datafield><datafield ind1="0" ind2="4" tag="082"><subfield code="a">914.940462</subfield></datafield><datafield ind1="1" ind2=" " tag="100"><subfield code="a">Hunt, Leigh</subfield></datafield><datafield ind1="1" ind2="0" tag="245"><subfield code="a">Byron et la Suisse</subfield><subfield code="b">deux études</subfield><subfield code="c">John Clubbe, Ernest Giddey</subfield></datafield><datafield ind1=" " ind2="1" tag="264"><subfield code="a">Genève</subfield><subfield code="b">Droz</subfield><subfield code="c">1982</subfield></datafield><datafield ind1=" " ind2=" " tag="300"><subfield code="a">182 S.</subfield><subfield code="c">24 cm</subfield></datafield><datafield ind1=" " ind2=" " tag="336"><subfield code="b">txt</subfield><subfield code="2">rdacontent</subfield></datafield><datafield ind1=" " ind2=" " tag="337"><subfield code="b">n</subfield><subfield code="2">rdamedia</subfield></datafield><datafield ind1=" " ind2=" " tag="338"><subfield code="b">nc</subfield><subfield code="2">rdacarrier</subfield></datafield><datafield ind1="1" ind2=" " tag="490"><subfield code="a">Publications de la Facultés des lettres / Université de Lausanne</subfield><subfield code="v">24</subfield></datafield><datafield ind1=" " ind2=" " tag="500"><subfield code="a">Enth.: Byron in the Alps : the journal of John Cam Hobhouse, 17-29 September 1816 / by John Clubbe. La renomée de Byron à Genève et dans le canton de Vaud, 1816-1924 / par Ernest Giddey</subfield></datafield><datafield ind1="0" ind2="0" tag="505"><subfield code="t">Byron in the Alps : the journal of John Cam Hobhouse, 17-29 September 1816</subfield><subfield code="r">by John Clubbe</subfield><subfield code="t">&lt;&lt;La&gt;&gt; renommée de Byron à Genève et dans le canton de Vaud, 1816-1924</subfield><subfield code="r">par Ernest Giddey</subfield></datafield><datafield ind1="4" ind2=" " tag="510"><subfield code="a">Revue historique vaudoise. - Lausanne. - 1982, p. 202-203 / Jean-Pierre Chuard</subfield></datafield><datafield ind1="8" ind2=" " tag="520"><subfield code="a">Analyse: P. 173-178 : index des noms de personnes et p. 179-180 : index des noms de lieux.</subfield><subfield code="5">RERO/rhv85</subfield><subfield code="5">RERO/01.01.1988/labcur/bed</subfield></datafield><datafield ind1="8" ind2=" " tag="520"><subfield code="a">Ces deux études sont : Byron in the Alps : the journal of John Cam Hobhouse : 17-29 September 1816 / by John Clubbe ; La renommée de Byron à Genève et dans le canton de Vaud : (1816-1924) / par Ernest Giddey.</subfield><subfield code="5">RERO/01.11.1993/labcur/bs</subfield></datafield><datafield ind1="1" ind2="7" tag="600"><subfield code="a">Byron, George Gordon</subfield><subfield code="v">Biographie</subfield><subfield code="2">idsbb</subfield></datafield><datafield ind1="1" ind2="7" tag="600"><subfield code="a">Byron, George Gordon</subfield><subfield code="x">Reisen</subfield><subfield code="2">idsbb</subfield></datafield><datafield ind1="1" ind2="7" tag="600"><subfield code="a">Byron, George Gordon</subfield><subfield code="z">Schweiz</subfield><subfield code="2">idsbb</subfield></datafield><datafield ind1="1" ind2="7" tag="600"><subfield code="a">Byron, George Gordon Byron</subfield><subfield code="c">Baron</subfield><subfield code="d">1788-1824</subfield><subfield code="0">(DE-588)118518208</subfield><subfield code="2">gnd</subfield></datafield><datafield ind1="1" ind2="7" tag="600"><subfield code="a">Broughton, John Cam Hobhouse</subfield><subfield code="d">1786-1869</subfield><subfield code="0">(DE-588)117525553</subfield><subfield code="2">gnd</subfield></datafield><datafield ind1="1" ind2="0" tag="600"><subfield code="a">Byron, George Gordon Byron</subfield><subfield code="c">Baron</subfield><subfield code="d">1788-1824</subfield><subfield code="x">Appreciation</subfield><subfield code="z">Switzerland</subfield></datafield><datafield ind1="1" ind2="0" tag="600"><subfield code="a">Byron, George Gordon Byron</subfield><subfield code="c">Baron</subfield><subfield code="d">1788-1824</subfield><subfield code="x">Travel</subfield><subfield code="z">Switzerland</subfield></datafield><datafield ind1="1" ind2="7" tag="600"><subfield code="a">Byron, George Gordon Byron</subfield><subfield code="c">baron</subfield><subfield code="d">1788-1824</subfield><subfield code="0">(IDREF)026760746</subfield><subfield code="2">idref</subfield></datafield><datafield ind1=" " ind2="7" tag="648"><subfield code="a">Geschichte 1816</subfield><subfield code="2">gnd</subfield></datafield><datafield ind1=" " ind2="7" tag="648"><subfield code="a">Geschichte 1816-1924</subfield><subfield code="2">gnd</subfield></datafield><datafield ind1=" " ind2="7" tag="650"><subfield code="a">Reise</subfield><subfield code="0">(DE-588)4049275-8</subfield><subfield code="2">gnd</subfield></datafield><datafield ind1=" " ind2="7" tag="650"><subfield code="a">Rezeption</subfield><subfield code="0">(DE-588)4049716-1</subfield><subfield code="2">gnd</subfield></datafield><datafield ind1=" " ind2="0" tag="650"><subfield code="a">British</subfield><subfield code="z">Switzerland</subfield><subfield code="x">History</subfield><subfield code="y">19th century</subfield></datafield><datafield ind1=" " ind2="0" tag="650"><subfield code="a">Poets, English</subfield><subfield code="x">Homes and haunts</subfield><subfield code="z">Switzerland</subfield></datafield><datafield ind1=" " ind2="0" tag="650"><subfield code="a">Poets, English</subfield><subfield code="y">19th century</subfield><subfield code="v">Biography</subfield></datafield><datafield ind1=" " ind2="7" tag="651"><subfield code="a">Schweiz</subfield><subfield code="0">(DE-588)4053881-3</subfield><subfield code="2">gnd</subfield></datafield><datafield ind1=" " ind2="7" tag="651"><subfield code="a">Genf</subfield><subfield code="0">(DE-588)4020137-5</subfield><subfield code="2">gnd</subfield></datafield><datafield ind1=" " ind2="7" tag="651"><subfield code="a">Schweizer Alpen</subfield><subfield code="0">(DE-588)4077275-5</subfield><subfield code="2">gnd</subfield></datafield><datafield ind1=" " ind2="7" tag="651"><subfield code="a">Waadt</subfield><subfield code="0">(DE-588)4078982-2</subfield><subfield code="2">gnd</subfield></datafield><datafield ind1=" " ind2="0" tag="651"><subfield code="a">Switzerland</subfield><subfield code="x">Intellectual life</subfield><subfield code="y">19th century</subfield></datafield><datafield ind1=" " ind2="7" tag="651"><subfield code="a">Suisse</subfield><subfield code="0">(IDREF)027249654</subfield><subfield code="2">idref</subfield></datafield><datafield ind1=" " ind2=" " tag="690"><subfield code="a">Byron, George G / Verhältnis zu einzelnen Gebieten und Orten</subfield><subfield code="2">uzb-Z9</subfield></datafield><datafield ind1="1" ind2="2" tag="700"><subfield code="a">Clubbe, John</subfield><subfield code="t">Byron in the Alps</subfield></datafield><datafield ind1="1" ind2="2" tag="700"><subfield code="a">Giddey, Ernest</subfield><subfield code="t">&lt;&lt;La&gt;&gt; renomée de Byron à Genève et dans le canton de Vaud, 1816-1924</subfield></datafield><datafield ind1="1" ind2=" " tag="700"><subfield code="a">Clubbe, John</subfield><subfield code="0">(IDREF)026792265</subfield></datafield><datafield ind1="1" ind2=" " tag="700"><subfield code="a">Giddey, Ernest</subfield><subfield code="0">(RERO)A003294935</subfield></datafield><datafield ind1=" " ind2=" " tag="830"><subfield code="a">Publications de la Faculté des Lettres, Université de Lausanne</subfield><subfield code="v">24</subfield><subfield code="w">(NEBIS)000986798EBI01</subfield></datafield><datafield ind1=" " ind2=" " tag="830"><subfield code="a">Publications de la Faculté des lettres</subfield><subfield code="v">24</subfield><subfield code="w">(IDSBB)000300484DSV01</subfield></datafield><datafield ind1=" " ind2=" " tag="900"><subfield code="a">IDSZ2esmon200903r</subfield><subfield code="c">IDSZ2fumo</subfield></datafield><datafield ind1=" " ind2=" " tag="900"><subfield code="a">REROnoselfmerge</subfield></datafield></record>
</metadata></record><record><header status="deleted"><identifier>oai:alma.41SLSP_UGE:991000044129705502</identifier><datestamp>2023-05-31T00:11:25Z</datestamp><setSpec>uge_bcen_RapidILL_BOOK</setSpec><setSpec>uge_aaca_RapidILL_BOOK</setSpec><setSpec>uge_abels_RapidILL_BOOK</setSpec><setSpec>uge_dbu_RapidILL_BOOK</setSpec><setSpec>uge_cmu_RapidILL_BOOK</setSpec><setSpec>uge_mail_RapidILL_BOOK</setSpec><setSpec>uge_abbat_RapidILL_BOOK</setSpec><setSpec>UNIGE_ALL</setSpec><setSpec>uge_aobs_RapidILL_BOOK</setSpec><setSpec>uge_acar_RapidILL_BOOK</setSpec></header></record>