<record><header><identifier>oai:alma.41SLSP_UGE:991000043599705502</identifier><datestamp>2023-04-06T00:08:45Z</datestamp><setSpec>uge_bcen_RapidILL_BOOK</setSpec><setSpec>uge_aaca_RapidILL_BOOK</setSpec><setSpec>uge_abels_RapidILL_BOOK</setSpec><setSpec>uge_dbu_RapidILL_BOOK</setSpec><setSpec>uge_cmu_RapidILL_BOOK</setSpec><setSpec>uge_mail_RapidILL_BOOK</setSpec><setSpec>uge_abbat_RapidILL_BOOK</setSpec><setSpec>UNIGE_ALL</setSpec><setSpec>uge_acar_RapidILL_BOOK</setSpec><setSpec>uge_aobs_RapidILL_BOOK</setSpec></header><metadata>
<record xmlns="http://www.loc.gov/MARC21/slim" xmlns:xsi="http://www.w3.org/2001/XMLSchema-instance" xsi:schemaLocation="http://www.loc.gov/MARC21/slim http://www.loc.gov/standards/marcxml/schema/MARC21slim.xsd"><leader>02358nam a2200553 c 4500</leader><controlfield tag="001">991000043599705502</controlfield><controlfield tag="005">20230405195759.0</controlfield><controlfield tag="008">201011t20172017xxu||||| |||| 00| ||eng d</controlfield><datafield ind1=" " ind2=" " tag="020"><subfield code="a">9781627054850</subfield><subfield code="q">print</subfield></datafield><datafield ind1=" " ind2=" " tag="020"><subfield code="z">1627054855</subfield></datafield><datafield ind1=" " ind2=" " tag="020"><subfield code="z">9781627058933</subfield><subfield code="q">ebook</subfield></datafield><datafield ind1=" " ind2=" " tag="020"><subfield code="z">1627058931</subfield><subfield code="q">ebook</subfield></datafield><datafield ind1=" " ind2=" " tag="035"><subfield code="a">(swissbib)223647942-41slsp_network</subfield></datafield><datafield ind1=" " ind2=" " tag="035"><subfield code="a">223647942</subfield><subfield code="9">ExL</subfield></datafield><datafield ind1=" " ind2=" " tag="035"><subfield code="a">(RERO)R008602071-41slsp</subfield></datafield><datafield ind1=" " ind2=" " tag="035"><subfield code="a">(NEBIS)010963900EBI01</subfield></datafield><datafield ind1=" " ind2=" " tag="035"><subfield code="a">(EXLNZ-41SLSP_NETWORK)991092377559705501</subfield></datafield><datafield ind1=" " ind2=" " tag="040"><subfield code="a">CaBNVSL</subfield><subfield code="b">eng</subfield><subfield code="e">rda</subfield><subfield code="d">CH-ZuSLS</subfield></datafield><datafield ind1=" " ind2="4" tag="050"><subfield code="a">TK5103.4895</subfield><subfield code="b">.Z425 2017</subfield></datafield><datafield ind1=" " ind2="7" tag="072"><subfield code="a">in</subfield><subfield code="2">rero</subfield></datafield><datafield ind1="0" ind2="4" tag="082"><subfield code="a">621.38456</subfield><subfield code="2">23</subfield></datafield><datafield ind1="1" ind2=" " tag="100"><subfield code="a">Zhang, Xue</subfield><subfield code="e">Verfasser</subfield><subfield code="4">aut</subfield><subfield code="6">880-01</subfield></datafield><datafield ind1="1" ind2=" " tag="880"><subfield code="a">Zhang, Xue</subfield><subfield code="c">ingénieure électricienne</subfield><subfield code="0">(RERO)A026876843</subfield><subfield code="6">100-01</subfield></datafield><datafield ind1="1" ind2="0" tag="245"><subfield code="a">Node localization in wireless sensor networks</subfield><subfield code="c">Xue Zhang ... [et al.]</subfield></datafield><datafield ind1=" " ind2="1" tag="264"><subfield code="a">[San Rafael, Calif.]</subfield><subfield code="b">Morgan &amp; Claypool Publ.</subfield><subfield code="c">2017</subfield></datafield><datafield ind1=" " ind2="4" tag="264"><subfield code="c">©2017</subfield></datafield><datafield ind1=" " ind2=" " tag="300"><subfield code="a">50 p.</subfield><subfield code="b">ill.</subfield></datafield><datafield ind1=" " ind2=" " tag="336"><subfield code="b">txt</subfield><subfield code="2">rdacontent</subfield></datafield><datafield ind1=" " ind2=" " tag="337"><subfield code="b">n</subfield><subfield code="2">rdamedia</subfield></datafield><datafield ind1=" " ind2=" " tag="338"><subfield code="b">nc</subfield><subfield code="2">rdacarrier</subfield></datafield><datafield ind1="1" ind2=" " tag="490"><subfield code="a">Synthesis lectures on communications</subfield><subfield code="v">#12</subfield></datafield><datafield ind1=" " ind2=" " tag="504"><subfield code="a">Includes bibliographical references (pages 35-48)</subfield></datafield><datafield ind1=" " ind2="7" tag="650"><subfield code="a">Réseaux de capteurs (technologie)</subfield><subfield code="0">(IDREF)137411111</subfield><subfield code="2">idref</subfield></datafield><datafield ind1=" " ind2="7" tag="650"><subfield code="a">Réseaux locaux sans fil</subfield><subfield code="0">(IDREF)076531899</subfield><subfield code="2">idref</subfield></datafield><datafield ind1=" " ind2="7" tag="650"><subfield code="a">Systèmes de communication sans fil</subfield><subfield code="0">(IDREF)033869332</subfield><subfield code="2">idref</subfield></datafield><datafield ind1=" " ind2="0" tag="650"><subfield code="a">Wireless localization</subfield></datafield><datafield ind1=" " ind2="0" tag="650"><subfield code="a">Wireless sensor networks</subfield></datafield><datafield ind1=" " ind2="7" tag="650"><subfield code="a">Wireless localization</subfield><subfield code="2">fast</subfield></datafield><datafield ind1=" " ind2="7" tag="650"><subfield code="a">Wireless sensor networks</subfield><subfield code="2">fast</subfield></datafield><datafield ind1=" " ind2="7" tag="650"><subfield code="a">DRAHTLOSE SENSORNETZWERKE (NACHRICHTENTECHNIK)</subfield><subfield code="9">ger</subfield><subfield code="0">(ETHUDK)000064700</subfield><subfield code="2">ethudk</subfield></datafield><datafield ind1=" " ind2="7" tag="650"><subfield code="a">NETZWERKÜBERWACHUNG + NETZWERKADMINISTRATION (COMPUTERSYSTEME)</subfield><subfield code="9">ger</subfield><subfield code="0">(ETHUDK)000051539</subfield><subfield code="2">ethudk</subfield></datafield><datafield ind1="1" ind2=" " tag="700"><subfield code="a">Tepedelenlioglu, Cihan</subfield><subfield code="e">Verfasser</subfield><subfield code="4">aut</subfield></datafield><datafield ind1="1" ind2=" " tag="700"><subfield code="a">Banavar, Mahesh K.</subfield><subfield code="e">Verfasser</subfield><subfield code="4">aut</subfield></datafield><datafield ind1="1" ind2=" " tag="700"><subfield code="a">Spanias, Andreas</subfield><subfield code="0">(DE-588)160081432</subfield><subfield code="e">Verfasser</subfield><subfield code="4">aut</subfield></datafield><datafield ind1="4" ind2="2" tag="856"><subfield code="3">Résumé</subfield><subfield code="u">http://dx.doi.org/10.2200/S00742ED1V01Y201611COM012</subfield></datafield><datafield ind1="4" ind2=" " tag="856"><subfield code="3">Titelblatt und Inhaltsverzeichnis</subfield><subfield code="u">https://toc.library.ethz.ch/objects/pdf03/e01_978-1-62705-485-0_01.pdf</subfield><subfield code="q">pdf</subfield></datafield><datafield ind1=" " ind2=" " tag="830"><subfield code="a">Synthesis lectures on communications</subfield><subfield code="v">12</subfield><subfield code="w">(NEBIS)006065431EBI01</subfield></datafield><datafield ind1=" " ind2=" " tag="900"><subfield code="a">REROnoselfmerge</subfield></datafield><datafield ind1=" " ind2=" " tag="910"><subfield code="a">OCoLC</subfield><subfield code="b">20170221</subfield><subfield code="c">Droits réservés</subfield></datafield><datafield ind1=" " ind2=" " tag="949"><subfield code="a">https://toc.library.ethz.ch/objects/pdf03/e01_978-1-62705-485-0_01.pdf</subfield></datafield></record>
</metadata></record>