<record><header><identifier>oai:alma.41SLSP_UGE:991000043929705502</identifier><datestamp>2023-04-06T00:09:06Z</datestamp><setSpec>uge_bcen_RapidILL_BOOK</setSpec><setSpec>uge_aaca_RapidILL_BOOK</setSpec><setSpec>uge_abels_RapidILL_BOOK</setSpec><setSpec>uge_dbu_RapidILL_BOOK</setSpec><setSpec>uge_cmu_RapidILL_BOOK</setSpec><setSpec>uge_mail_RapidILL_BOOK</setSpec><setSpec>uge_abbat_RapidILL_BOOK</setSpec><setSpec>UNIGE_ALL</setSpec><setSpec>uge_acar_RapidILL_BOOK</setSpec><setSpec>uge_aobs_RapidILL_BOOK</setSpec></header><metadata>
<record xmlns="http://www.loc.gov/MARC21/slim" xmlns:xsi="http://www.w3.org/2001/XMLSchema-instance" xsi:schemaLocation="http://www.loc.gov/MARC21/slim http://www.loc.gov/standards/marcxml/schema/MARC21slim.xsd"><leader>01423nam a2200313 c 4500</leader><controlfield tag="001">991000043929705502</controlfield><controlfield tag="005">20230405194613.0</controlfield><controlfield tag="008">130301s1978    xxu||||| |||| 10| ||eng d</controlfield><datafield ind1=" " ind2=" " tag="020"><subfield code="a">0471056332</subfield></datafield><datafield ind1=" " ind2=" " tag="035"><subfield code="a">(swissbib)117063118-41slsp_network</subfield></datafield><datafield ind1=" " ind2=" " tag="035"><subfield code="a">117063118</subfield><subfield code="9">ExL</subfield></datafield><datafield ind1=" " ind2=" " tag="035"><subfield code="a">(RERO)R007249097-41slsp</subfield></datafield><datafield ind1=" " ind2=" " tag="035"><subfield code="a">(EXLNZ-41SLSP_NETWORK)991021733649705501</subfield></datafield><datafield ind1=" " ind2=" " tag="040"><subfield code="a">RERO geussc</subfield><subfield code="d">CH-ZuSLS</subfield></datafield><datafield ind1=" " ind2="7" tag="072"><subfield code="a">ch</subfield><subfield code="2">rero</subfield></datafield><datafield ind1=" " ind2="7" tag="072"><subfield code="a">py</subfield><subfield code="2">rero</subfield></datafield><datafield ind1="0" ind2="0" tag="245"><subfield code="a">Proceedings of the International Symposium on Atomic, Molecular and Solid-State Theory, Collision Phenomena and Computational Methods, held at Flagler Beach, Florida, March 12-18 1978</subfield><subfield code="c">ed. in chief Per-Olov Löwdin ; associate ed. Yngve Öhrn</subfield></datafield><datafield ind1=" " ind2="1" tag="264"><subfield code="a">New York</subfield><subfield code="b">J. Wiley</subfield><subfield code="c">1978</subfield></datafield><datafield ind1=" " ind2=" " tag="300"><subfield code="a">XVI, 548 p.</subfield><subfield code="b">ill.</subfield><subfield code="c">23 cm</subfield></datafield><datafield ind1=" " ind2=" " tag="336"><subfield code="b">txt</subfield><subfield code="2">rdacontent</subfield></datafield><datafield ind1=" " ind2=" " tag="337"><subfield code="b">n</subfield><subfield code="2">rdamedia</subfield></datafield><datafield ind1=" " ind2=" " tag="338"><subfield code="b">nc</subfield><subfield code="2">rdacarrier</subfield></datafield><datafield ind1="1" ind2=" " tag="490"><subfield code="a">International journal of quantum chemistry. Symposium</subfield><subfield code="v">no. 12</subfield></datafield><datafield ind1=" " ind2="7" tag="650"><subfield code="a">Chimie quantique</subfield><subfield code="0">(IDREF)027834921</subfield><subfield code="2">idref</subfield></datafield><datafield ind1=" " ind2="7" tag="655"><subfield code="a">Actes de congrès</subfield><subfield code="0">(IDREF)02886431X</subfield><subfield code="2">idref</subfield></datafield><datafield ind1="1" ind2=" " tag="700"><subfield code="a">Löwdin, Per-Olov</subfield><subfield code="d">1916-2000</subfield><subfield code="0">(IDREF)056979258</subfield></datafield><datafield ind1="1" ind2=" " tag="700"><subfield code="a">Öhrn, Yngve</subfield><subfield code="0">(IDREF)085390976</subfield></datafield><datafield ind1="2" ind2=" " tag="711"><subfield code="a">International Symposium on Atomic, Molecular and Solid-State Theory, Collision Phenomena and Computational Methods</subfield><subfield code="d">1978</subfield><subfield code="c">Flagler Beach</subfield><subfield code="0">(RERO)A023187854</subfield></datafield><datafield ind1=" " ind2=" " tag="830"><subfield code="a">International journal of quantum chemistry</subfield><subfield code="p">Symposium</subfield><subfield code="v">12</subfield><subfield code="w">(RERO)0851804-41slsp</subfield></datafield><datafield ind1=" " ind2=" " tag="900"><subfield code="a">REROnoselfmerge</subfield></datafield></record>
</metadata></record>