<record><header><identifier>oai:alma.41SLSP_UGE:991000043819705502</identifier><datestamp>2023-03-01T01:09:12Z</datestamp><setSpec>uge_cmu_RapidILL_JOURNAL</setSpec><setSpec>uge_aobs_RapidILL_JOURNAL</setSpec><setSpec>uge_aaca_RapidILL_JOURNAL</setSpec><setSpec>uge_bcen_RapidILL_JOURNAL</setSpec><setSpec>uge_abbat_RapidILL_JOURNAL</setSpec><setSpec>uge_dbu_RapidILL_JOURNAL</setSpec><setSpec>uge_mail_RapidILL_JOURNAL</setSpec><setSpec>UNIGE_ALL</setSpec><setSpec>uge_abels_RapidILL_JOURNAL</setSpec><setSpec>uge_acar_RapidILL_JOURNAL</setSpec></header><metadata>
<record xmlns="http://www.loc.gov/MARC21/slim" xmlns:xsi="http://www.w3.org/2001/XMLSchema-instance" xsi:schemaLocation="http://www.loc.gov/MARC21/slim http://www.loc.gov/standards/marcxml/schema/MARC21slim.xsd"><leader>02130nas a2200577 c 4500</leader><controlfield tag="001">991000043819705502</controlfield><controlfield tag="005">20230119191714.0</controlfield><controlfield tag="008">201012c19879999xxu | p       0    |eng  </controlfield><datafield ind1=" " ind2=" " tag="022"><subfield code="a">1048-9134</subfield></datafield><datafield ind1=" " ind2=" " tag="035"><subfield code="a">(swissbib)237626888-41slsp_network</subfield></datafield><datafield ind1=" " ind2=" " tag="035"><subfield code="a">237626888</subfield><subfield code="9">ExL</subfield></datafield><datafield ind1=" " ind2=" " tag="035"><subfield code="a">(NEBIS)006050696EBI01</subfield></datafield><datafield ind1=" " ind2=" " tag="035"><subfield code="a">(RERO)1929709-41slsp</subfield></datafield><datafield ind1=" " ind2=" " tag="035"><subfield code="a">(IDSBB)003224861DSV01</subfield></datafield><datafield ind1=" " ind2=" " tag="035"><subfield code="a">(EXLNZ-41SLSP_NETWORK)991057419979705501</subfield></datafield><datafield ind1=" " ind2=" " tag="040"><subfield code="a">SzZuIDS NEBIS ZBZ</subfield><subfield code="d">CH-ZuSLS</subfield></datafield><datafield ind1=" " ind2="7" tag="072"><subfield code="a">sp</subfield><subfield code="2">rero</subfield></datafield><datafield ind1=" " ind2="7" tag="072"><subfield code="a">ht</subfield><subfield code="2">rero</subfield></datafield><datafield ind1=" " ind2="7" tag="072"><subfield code="a">ga</subfield><subfield code="2">SzZuIDS BS/BE</subfield></datafield><datafield ind1="1" ind2="4" tag="082"><subfield code="a">900</subfield><subfield code="2">15</subfield></datafield><datafield ind1="0" ind2="0" tag="245"><subfield code="a">Bulletin of the German Historical Institute</subfield></datafield><datafield ind1="1" ind2="3" tag="246"><subfield code="a">Bulletin / German Historical Institute</subfield></datafield><datafield ind1="1" ind2="3" tag="246"><subfield code="a">GHI bulletin</subfield></datafield><datafield ind1="1" ind2=" " tag="246"><subfield code="a">Bulletin of the German Historical Institute</subfield></datafield><datafield ind1="1" ind2="3" tag="246"><subfield code="a">Bulletin / German Historical Institute, Washington, D.C</subfield><subfield code="p">Supplement</subfield></datafield><datafield ind1=" " ind2="1" tag="264"><subfield code="a">Washington, DC</subfield><subfield code="b">GHI</subfield></datafield><datafield ind1=" " ind2=" " tag="300"><subfield code="c">21 cm</subfield></datafield><datafield ind1=" " ind2=" " tag="310"><subfield code="a">2x jährlich</subfield></datafield><datafield ind1=" " ind2=" " tag="336"><subfield code="b">txt</subfield><subfield code="2">rdacontent</subfield></datafield><datafield ind1=" " ind2=" " tag="337"><subfield code="b">n</subfield><subfield code="2">rdamedia</subfield></datafield><datafield ind1=" " ind2=" " tag="338"><subfield code="b">nc</subfield><subfield code="2">rdacarrier</subfield></datafield><datafield ind1="0" ind2=" " tag="362"><subfield code="a">Issue 1 (1987)-</subfield></datafield><datafield ind1=" " ind2=" " tag="524"><subfield code="a">botghi</subfield></datafield><datafield ind1="2" ind2="7" tag="610"><subfield code="a">Deutsches Historisches Institut Washington</subfield><subfield code="2">idszbz</subfield></datafield><datafield ind1=" " ind2="7" tag="648"><subfield code="a">Geschichte (umfassend)</subfield><subfield code="2">idszbz</subfield></datafield><datafield ind1=" " ind2="7" tag="650"><subfield code="a">Histoire</subfield><subfield code="0">(IDREF)02726470X</subfield><subfield code="2">idref</subfield></datafield><datafield ind1=" " ind2="7" tag="651"><subfield code="a">Deutschland</subfield><subfield code="2">idszbz</subfield></datafield><datafield ind1=" " ind2="7" tag="651"><subfield code="a">Allemagne</subfield><subfield code="0">(IDREF)027218856</subfield><subfield code="2">idref</subfield></datafield><datafield ind1=" " ind2="7" tag="651"><subfield code="a">Washington</subfield><subfield code="x">Deutsches Historisches Institut</subfield><subfield code="v">Schriftenreihe</subfield><subfield code="2">idsbb</subfield></datafield><datafield ind1=" " ind2="7" tag="651"><subfield code="a">Deutschland</subfield><subfield code="z">USA</subfield><subfield code="y">Geschichte</subfield><subfield code="v">Schriftenreihe</subfield><subfield code="2">idsbb</subfield></datafield><datafield ind1=" " ind2="7" tag="651"><subfield code="a">USA</subfield><subfield code="z">Deutschland</subfield><subfield code="y">Geschichte</subfield><subfield code="v">Schriftenreihe</subfield><subfield code="2">idsbb</subfield></datafield><datafield ind1=" " ind2="7" tag="655"><subfield code="a">Zeitschrift</subfield><subfield code="2">idszbz</subfield></datafield><datafield ind1=" " ind2="7" tag="655"><subfield code="a">Périodiques</subfield><subfield code="0">(IDREF)02724640X</subfield><subfield code="2">idref</subfield></datafield><datafield ind1=" " ind2="7" tag="655"><subfield code="a">Monografische Reihe</subfield><subfield code="2">gnd-content</subfield></datafield><datafield ind1="2" ind2=" " tag="710"><subfield code="a">German historical institute</subfield><subfield code="g">Washington, D.C.</subfield><subfield code="0">(IDREF)032655681</subfield></datafield><datafield ind1="2" ind2=" " tag="710"><subfield code="a">Deutsches Historisches Institut Washington DC</subfield><subfield code="0">(DE-588)5015376-6</subfield></datafield><datafield ind1="0" ind2=" " tag="772"><subfield code="t">Bulletin of the German Historical Institute</subfield><subfield code="w">(IDSBB)002436591DSV01</subfield></datafield><datafield ind1="0" ind2=" " tag="770"><subfield code="t">Bulletin / German Historical Institute. Supplement</subfield></datafield><datafield ind1=" " ind2=" " tag="900"><subfield code="a">IDSZ2zbzzss201005e</subfield><subfield code="c">IDSZ2muew</subfield><subfield code="d">IDSZ2zbzswk201009b</subfield><subfield code="e">IDSZ2brue</subfield></datafield><datafield ind1=" " ind2=" " tag="900"><subfield code="a">NEBISnoselfmerge</subfield></datafield><datafield ind1=" " ind2=" " tag="900"><subfield code="a">REROnoselfmerge</subfield></datafield><datafield ind1=" " ind2=" " tag="900"><subfield code="a">IDSBBnoselfmerge</subfield></datafield></record>
</metadata></record>