<record><header><identifier>oai:alma.41SLSP_UGE:991000043609705502</identifier><datestamp>2023-03-01T01:09:12Z</datestamp><setSpec>uge_bcen_RapidILL_BOOK</setSpec><setSpec>uge_aaca_RapidILL_BOOK</setSpec><setSpec>uge_abels_RapidILL_BOOK</setSpec><setSpec>uge_dbu_RapidILL_BOOK</setSpec><setSpec>uge_cmu_RapidILL_BOOK</setSpec><setSpec>uge_mail_RapidILL_BOOK</setSpec><setSpec>UNIGE_ALL</setSpec><setSpec>uge_abbat_RapidILL_BOOK</setSpec><setSpec>uge_aobs_RapidILL_BOOK</setSpec><setSpec>uge_acar_RapidILL_BOOK</setSpec></header><metadata>
<record xmlns="http://www.loc.gov/MARC21/slim" xmlns:xsi="http://www.w3.org/2001/XMLSchema-instance" xsi:schemaLocation="http://www.loc.gov/MARC21/slim http://www.loc.gov/standards/marcxml/schema/MARC21slim.xsd"><leader>01098naa a2200253 c 4500</leader><controlfield tag="001">991000043609705502</controlfield><controlfield tag="005">20201126054252.0</controlfield><controlfield tag="008">070529s1975    sz ||||| |||| 00| ||ger d</controlfield><datafield ind1=" " ind2=" " tag="035"><subfield code="a">(swissbib)10530980X-41slsp_network</subfield></datafield><datafield ind1=" " ind2=" " tag="035"><subfield code="a">10530980X</subfield><subfield code="9">ExL</subfield></datafield><datafield ind1=" " ind2=" " tag="035"><subfield code="a">(RERO)R004420798-41slsp</subfield></datafield><datafield ind1=" " ind2=" " tag="035"><subfield code="a">(EXLNZ-41SLSP_NETWORK)991141149169705501</subfield></datafield><datafield ind1=" " ind2=" " tag="040"><subfield code="a">RERO geussc</subfield><subfield code="d">CH-ZuSLS</subfield></datafield><datafield ind1=" " ind2=" " tag="044"><subfield code="a">sz</subfield><subfield code="c">ch-ge</subfield><subfield code="a">sz</subfield><subfield code="c">ch-zh</subfield></datafield><datafield ind1=" " ind2="7" tag="072"><subfield code="a">bi</subfield><subfield code="2">rero</subfield></datafield><datafield ind1="1" ind2=" " tag="100"><subfield code="a">Beck, Heinz</subfield><subfield code="c">biologiste</subfield><subfield code="0">(RERO)A013267881</subfield><subfield code="4">cre</subfield></datafield><datafield ind1="1" ind2="0" tag="245"><subfield code="a">Zur Wirkung eines autosomalen Gens auf den 'bobbed'-Phänotyp bei 'Drosophila hydei'</subfield><subfield code="c">H. Beck</subfield></datafield><datafield ind1=" " ind2=" " tag="336"><subfield code="b">txt</subfield><subfield code="2">rdacontent</subfield></datafield><datafield ind1=" " ind2=" " tag="337"><subfield code="b">n</subfield><subfield code="2">rdamedia</subfield></datafield><datafield ind1=" " ind2=" " tag="338"><subfield code="b">nc</subfield><subfield code="2">rdacarrier</subfield></datafield><datafield ind1=" " ind2=" " tag="580"><subfield code="a">In: Archiv für Genetik. - Zürich. - Bd. 48(1975), H. 1, p. 69</subfield></datafield><datafield ind1=" " ind2=" " tag="580"><subfield code="a">Egalement publié dans: Travaux du Département de biologie animale / Université de Genève. - Genève. - Vol. 22(1975/76), no 622</subfield></datafield><datafield ind1="0" ind2=" " tag="773"><subfield code="t">Travaux du Département de biologie animale / Université de Genève</subfield><subfield code="g">22/622</subfield><subfield code="w">(RERO)R003966373-41slsp</subfield></datafield><datafield ind1="0" ind2=" " tag="773"><subfield code="t">Archiv für Genetik</subfield><subfield code="g">1975/069</subfield><subfield code="g">yr:1975</subfield><subfield code="w">(RERO)0683314-41slsp</subfield></datafield><datafield ind1=" " ind2=" " tag="900"><subfield code="a">REROnoselfmerge</subfield></datafield></record>
</metadata></record>