<record><header><identifier>oai:alma.41SLSP_UGE:991000043719705502</identifier><datestamp>2023-06-20T00:19:42Z</datestamp><setSpec>uge_bcen_RapidILL_BOOK</setSpec><setSpec>uge_aaca_RapidILL_BOOK</setSpec><setSpec>uge_abels_RapidILL_BOOK</setSpec><setSpec>uge_dbu_RapidILL_BOOK</setSpec><setSpec>uge_cmu_RapidILL_BOOK</setSpec><setSpec>uge_mail_RapidILL_BOOK</setSpec><setSpec>uge_abbat_RapidILL_BOOK</setSpec><setSpec>UNIGE_ALL</setSpec><setSpec>uge_acar_RapidILL_BOOK</setSpec><setSpec>uge_aobs_RapidILL_BOOK</setSpec></header><metadata>
<record xmlns="http://www.loc.gov/MARC21/slim" xmlns:xsi="http://www.w3.org/2001/XMLSchema-instance" xsi:schemaLocation="http://www.loc.gov/MARC21/slim http://www.loc.gov/standards/marcxml/schema/MARC21slim.xsd"><leader>02132nam a2200481 c 4500</leader><controlfield tag="001">991000043719705502</controlfield><controlfield tag="005">20230619194820.0</controlfield><controlfield tag="008">201011s2001    fr ||||| |||| 00| ||fre d</controlfield><datafield ind1=" " ind2=" " tag="020"><subfield code="a">2278050346</subfield></datafield><datafield ind1="7" ind2=" " tag="024"><subfield code="a">http://catalogue.bnf.fr/ark:/12148/cb37710646q</subfield><subfield code="2">uri</subfield></datafield><datafield ind1=" " ind2=" " tag="035"><subfield code="a">(swissbib)21697741X-41slsp_network</subfield></datafield><datafield ind1=" " ind2=" " tag="035"><subfield code="a">21697741X</subfield><subfield code="9">ExL</subfield></datafield><datafield ind1=" " ind2=" " tag="035"><subfield code="a">(RERO)R003109674-41slsp</subfield></datafield><datafield ind1=" " ind2=" " tag="035"><subfield code="a">(IDSBB)002244529DSV01</subfield></datafield><datafield ind1=" " ind2=" " tag="035"><subfield code="a">(NEBIS)005024707EBI01</subfield></datafield><datafield ind1=" " ind2=" " tag="035"><subfield code="a">(EXLNZ-41SLSP_NETWORK)991067058819705501</subfield></datafield><datafield ind1=" " ind2=" " tag="040"><subfield code="a">RERO neubfl</subfield><subfield code="d">CH-ZuSLS</subfield></datafield><datafield ind1=" " ind2="7" tag="072"><subfield code="a">lg</subfield><subfield code="2">rero</subfield></datafield><datafield ind1="0" ind2="4" tag="082"><subfield code="a">370.1175</subfield><subfield code="2">22</subfield></datafield><datafield ind1=" " ind2=" " tag="084"><subfield code="a">DP 1105</subfield><subfield code="2">rvk</subfield></datafield><datafield ind1=" " ind2=" " tag="084"><subfield code="a">ES 750</subfield><subfield code="2">rvk</subfield></datafield><datafield ind1="1" ind2=" " tag="100"><subfield code="6">880-01</subfield><subfield code="a">Gajo, Laurent</subfield><subfield code="d">1967-</subfield><subfield code="0">(RERO)A003274862</subfield><subfield code="4">cre</subfield></datafield><datafield ind1="1" ind2=" " tag="880"><subfield code="6">100-01</subfield><subfield code="a">Gajo, Laurent</subfield><subfield code="d">1967-</subfield><subfield code="0">(DE-588)1089829876</subfield></datafield><datafield ind1="1" ind2="0" tag="245"><subfield code="a">Immersion, bilinguisme et interaction en classe</subfield><subfield code="c">Laurent Gajo</subfield></datafield><datafield ind1=" " ind2="1" tag="264"><subfield code="a">[Paris]</subfield><subfield code="b">Didier</subfield><subfield code="c">2001</subfield></datafield><datafield ind1=" " ind2=" " tag="300"><subfield code="a">255 p.</subfield><subfield code="c">21 cm</subfield></datafield><datafield ind1=" " ind2=" " tag="336"><subfield code="b">txt</subfield><subfield code="2">rdacontent</subfield></datafield><datafield ind1=" " ind2=" " tag="337"><subfield code="b">n</subfield><subfield code="2">rdamedia</subfield></datafield><datafield ind1=" " ind2=" " tag="338"><subfield code="b">nc</subfield><subfield code="2">rdacarrier</subfield></datafield><datafield ind1="1" ind2=" " tag="490"><subfield code="a">Langues et Apprentissages des Langues</subfield></datafield><datafield ind1=" " ind2=" " tag="502"><subfield code="a">Aktualisierte Version der Diss. Univ. Lausanne</subfield></datafield><datafield ind1=" " ind2=" " tag="504"><subfield code="a">Bibliogr.: p. 227-245</subfield></datafield><datafield ind1="8" ind2=" " tag="520"><subfield code="a">L'enseignement bilingue se présente de plus en plus comme de nature à favoriser la formation en langues et le développement des capacités cognitives de l'individu. Ce type d'enseignement réinterroge l'organisation de l'école, la didactique des langues et celle des disciplines non linguistiques. (4e de couv.)</subfield><subfield code="5">RERO/njhep-/02.2014</subfield></datafield><datafield ind1=" " ind2="7" tag="650"><subfield code="a">Bilinguisme</subfield><subfield code="0">(IDREF)02722130X</subfield><subfield code="2">idref</subfield></datafield><datafield ind1=" " ind2="7" tag="650"><subfield code="a">Immersion linguistique (enseignement des langues)</subfield><subfield code="0">(IDREF)032055463</subfield><subfield code="2">idref</subfield></datafield><datafield ind1=" " ind2="7" tag="650"><subfield code="a">Langues</subfield><subfield code="0">(IDREF)027582639</subfield><subfield code="2">idref</subfield></datafield><datafield ind1=" " ind2="7" tag="650"><subfield code="a">Enseignement</subfield><subfield code="0">(IDREF)027264998</subfield><subfield code="2">idref</subfield></datafield><datafield ind1=" " ind2="7" tag="650"><subfield code="a">Étude et enseignement</subfield><subfield code="0">(IDREF)027789853</subfield><subfield code="2">idref</subfield></datafield><datafield ind1=" " ind2="7" tag="650"><subfield code="a">Unterricht</subfield><subfield code="0">(DE-588)4062005-0</subfield><subfield code="2">gnd</subfield></datafield><datafield ind1=" " ind2="7" tag="650"><subfield code="a">Zweisprachigkeit</subfield><subfield code="0">(DE-588)4068227-4</subfield><subfield code="2">gnd</subfield></datafield><datafield ind1=" " ind2="7" tag="650"><subfield code="a">Immersion</subfield><subfield code="g">Fremdsprachenlernen</subfield><subfield code="0">(DE-588)4485234-4</subfield><subfield code="2">gnd</subfield></datafield><datafield ind1=" " ind2="7" tag="655"><subfield code="a">Hochschulschrift</subfield><subfield code="2">gnd-content</subfield></datafield><datafield ind1="1" ind2=" " tag="700"><subfield code="a">Gajo, Laurent Michel</subfield><subfield code="0">(DE-588)183812395</subfield></datafield><datafield ind1=" " ind2="0" tag="830"><subfield code="a">Langues et Apprentissage des Langues</subfield><subfield code="w">(RERO)0300708-41slsp</subfield></datafield></record>
</metadata></record>