<record><header><identifier>oai:alma.41SLSP_UGE:991000043839705502</identifier><datestamp>2023-07-09T00:16:30Z</datestamp><setSpec>uge_bcen_RapidILL_BOOK</setSpec><setSpec>uge_aaca_RapidILL_BOOK</setSpec><setSpec>uge_abels_RapidILL_BOOK</setSpec><setSpec>uge_dbu_RapidILL_BOOK</setSpec><setSpec>uge_cmu_RapidILL_BOOK</setSpec><setSpec>uge_mail_RapidILL_BOOK</setSpec><setSpec>UNIGE_ALL</setSpec><setSpec>uge_abbat_RapidILL_BOOK</setSpec><setSpec>uge_aobs_RapidILL_BOOK</setSpec><setSpec>uge_acar_RapidILL_BOOK</setSpec></header><metadata>
<record xmlns="http://www.loc.gov/MARC21/slim" xmlns:xsi="http://www.w3.org/2001/XMLSchema-instance" xsi:schemaLocation="http://www.loc.gov/MARC21/slim http://www.loc.gov/standards/marcxml/schema/MARC21slim.xsd"><leader>01493nam a2200349 c 4500</leader><controlfield tag="001">991000043839705502</controlfield><controlfield tag="005">20230121192252.0</controlfield><controlfield tag="008">201011r19721793xxu||||| |||| 00| ||eng d</controlfield><datafield ind1=" " ind2=" " tag="035"><subfield code="a">(swissbib)228255058-41slsp_network</subfield></datafield><datafield ind1=" " ind2=" " tag="035"><subfield code="a">228255058</subfield><subfield code="9">ExL</subfield></datafield><datafield ind1=" " ind2=" " tag="035"><subfield code="a">(RERO)0112501-41slsp</subfield></datafield><datafield ind1=" " ind2=" " tag="035"><subfield code="a">(NEBIS)002965734EBI01</subfield></datafield><datafield ind1=" " ind2=" " tag="035"><subfield code="a">(EXLNZ-41SLSP_NETWORK)991049872059705501</subfield></datafield><datafield ind1=" " ind2=" " tag="040"><subfield code="a">RERO</subfield><subfield code="d">CH-ZuSLS</subfield></datafield><datafield ind1=" " ind2="7" tag="072"><subfield code="a">an</subfield><subfield code="2">rero</subfield></datafield><datafield ind1="0" ind2="0" tag="245"><subfield code="a">&lt;&lt;The&gt;&gt; Romantics Reviewed</subfield><subfield code="b">contemporary reviews of British romantic writers</subfield><subfield code="c">ed. with introd. by Donald H. Reiman</subfield></datafield><datafield ind1=" " ind2="1" tag="264"><subfield code="a">New York</subfield><subfield code="a">London</subfield><subfield code="b">Garland</subfield><subfield code="c">1972</subfield></datafield><datafield ind1=" " ind2=" " tag="300"><subfield code="a">9 vol.</subfield><subfield code="c">29 cm</subfield></datafield><datafield ind1=" " ind2=" " tag="336"><subfield code="b">txt</subfield><subfield code="2">rdacontent</subfield></datafield><datafield ind1=" " ind2=" " tag="337"><subfield code="b">n</subfield><subfield code="2">rdamedia</subfield></datafield><datafield ind1=" " ind2=" " tag="338"><subfield code="b">nc</subfield><subfield code="2">rdacarrier</subfield></datafield><datafield ind1=" " ind2=" " tag="500"><subfield code="a">Contient des facsimilés d'extraits de périodiques. - Date d'édition indiquée par le catalogue du British Museum : 1972 [i.d. 1976]</subfield></datafield><datafield ind1="0" ind2="0" tag="505"><subfield code="g">Part A, vol. 1-2:</subfield><subfield code="t">The lake poets. - XXXII, 892 p</subfield></datafield><datafield ind1="0" ind2="0" tag="505"><subfield code="g">Part B, vol. 1-5:</subfield><subfield code="t">Byron and regency society poets. - XVI, 2338 p</subfield></datafield><datafield ind1="0" ind2="0" tag="505"><subfield code="g">Part C, vol. 1-2:</subfield><subfield code="t">Shelley, Keats, and London radical writers. - XII, 869 p</subfield></datafield><datafield ind1=" " ind2="7" tag="650"><subfield code="a">Poésie anglaise</subfield><subfield code="0">(IDREF)027247481</subfield><subfield code="2">idref</subfield></datafield><datafield ind1=" " ind2="7" tag="650"><subfield code="a">19e siècle</subfield><subfield code="0">(IDREF)027794059</subfield><subfield code="2">idref</subfield></datafield><datafield ind1=" " ind2="7" tag="655"><subfield code="a">Anthologies</subfield><subfield code="0">(IDREF)027269493</subfield><subfield code="2">idref</subfield></datafield><datafield ind1=" " ind2=" " tag="690"><subfield code="a">Englische Lyrik / Geschichte, Kritik / Einzelne Zeiträume / 19.Jahrhundert</subfield><subfield code="2">uzb-Z9</subfield></datafield><datafield ind1="1" ind2=" " tag="700"><subfield code="a">Reiman, Donald Henry</subfield><subfield code="d">1934-2019</subfield><subfield code="0">(IDREF)029175240</subfield></datafield><datafield ind1=" " ind2=" " tag="900"><subfield code="a">REROnoselfmerge</subfield></datafield><datafield ind1=" " ind2=" " tag="900"><subfield code="a">IDSZRMedeaZBZ</subfield><subfield code="c">IDSZReich</subfield></datafield><datafield ind1=" " ind2=" " tag="900"><subfield code="a">IDSZ2esmon201205r</subfield><subfield code="c">IDSZ2fumo</subfield></datafield></record>
</metadata></record>