<record><header><identifier>oai:alma.41SLSP_UGE:991000043629705502</identifier><datestamp>2023-03-01T01:09:12Z</datestamp><setSpec>uge_bcen_RapidILL_BOOK</setSpec><setSpec>uge_aaca_RapidILL_BOOK</setSpec><setSpec>uge_abels_RapidILL_BOOK</setSpec><setSpec>uge_dbu_RapidILL_BOOK</setSpec><setSpec>uge_cmu_RapidILL_BOOK</setSpec><setSpec>uge_mail_RapidILL_BOOK</setSpec><setSpec>UNIGE_ALL</setSpec><setSpec>uge_abbat_RapidILL_BOOK</setSpec><setSpec>uge_acar_RapidILL_BOOK</setSpec><setSpec>uge_aobs_RapidILL_BOOK</setSpec></header><metadata>
<record xmlns="http://www.loc.gov/MARC21/slim" xmlns:xsi="http://www.w3.org/2001/XMLSchema-instance" xsi:schemaLocation="http://www.loc.gov/MARC21/slim http://www.loc.gov/standards/marcxml/schema/MARC21slim.xsd"><leader>02664nam a2200649 c 4500</leader><controlfield tag="001">991000043629705502</controlfield><controlfield tag="005">20230223205813.0</controlfield><controlfield tag="008">201011s2005    it ||||| |||| 10| ||ita d</controlfield><datafield ind1=" " ind2=" " tag="020"><subfield code="a">8887829322</subfield></datafield><datafield ind1=" " ind2=" " tag="035"><subfield code="a">(swissbib)211702900-41slsp_network</subfield></datafield><datafield ind1=" " ind2=" " tag="035"><subfield code="a">211702900</subfield><subfield code="9">ExL</subfield></datafield><datafield ind1=" " ind2=" " tag="035"><subfield code="a">(RERO)R003877798-41slsp</subfield></datafield><datafield ind1=" " ind2=" " tag="035"><subfield code="a">(NEBIS)005054138EBI01</subfield></datafield><datafield ind1=" " ind2=" " tag="035"><subfield code="a">(IDSBB)003682349DSV01</subfield></datafield><datafield ind1=" " ind2=" " tag="035"><subfield code="a">(EXLNZ-41SLSP_NETWORK)991109842319705501</subfield></datafield><datafield ind1=" " ind2=" " tag="040"><subfield code="a">RERO geulsa</subfield><subfield code="d">CH-ZuSLS</subfield></datafield><datafield ind1="0" ind2=" " tag="041"><subfield code="a">ita</subfield><subfield code="a">eng</subfield><subfield code="a">fre</subfield><subfield code="a">ger</subfield></datafield><datafield ind1=" " ind2=" " tag="050"><subfield code="a">PA</subfield></datafield><datafield ind1=" " ind2="7" tag="072"><subfield code="a">gr</subfield><subfield code="2">rero</subfield></datafield><datafield ind1=" " ind2="7" tag="072"><subfield code="a">kp</subfield><subfield code="2">SzZuIDS BS/BE</subfield></datafield><datafield ind1="0" ind2="4" tag="082"><subfield code="a">481.7</subfield><subfield code="2">22</subfield></datafield><datafield ind1="0" ind2="4" tag="082"><subfield code="a">882</subfield><subfield code="2">22</subfield></datafield><datafield ind1="0" ind2="4" tag="082"><subfield code="a">882.01</subfield></datafield><datafield ind1="1" ind2="4" tag="082"><subfield code="a">882</subfield><subfield code="2">21</subfield></datafield><datafield ind1=" " ind2=" " tag="084"><subfield code="a">FH 24045</subfield><subfield code="2">rvk</subfield></datafield><datafield ind1="0" ind2="0" tag="245"><subfield code="a">Euripide e i papiri</subfield><subfield code="b">atti del Convegno internazionale di studi, Firenze 10-11 giugno 2004</subfield><subfield code="c">a cura di Guido Bastianini e Angelo Casanova</subfield></datafield><datafield ind1=" " ind2="1" tag="264"><subfield code="a">Firenze</subfield><subfield code="b">Istituto Papirologico &quot;G. Vitelli&quot;</subfield><subfield code="c">2005</subfield></datafield><datafield ind1=" " ind2=" " tag="300"><subfield code="a">242 p., 4 f. de pl.</subfield><subfield code="b">ill.</subfield><subfield code="c">24 cm</subfield></datafield><datafield ind1=" " ind2=" " tag="336"><subfield code="b">txt</subfield><subfield code="2">rdacontent</subfield></datafield><datafield ind1=" " ind2=" " tag="337"><subfield code="b">n</subfield><subfield code="2">rdamedia</subfield></datafield><datafield ind1=" " ind2=" " tag="338"><subfield code="b">nc</subfield><subfield code="2">rdacarrier</subfield></datafield><datafield ind1="1" ind2=" " tag="490"><subfield code="a">Studi e testi di papirologia. Nuova serie</subfield><subfield code="v">7</subfield></datafield><datafield ind1=" " ind2=" " tag="500"><subfield code="a">Textes en allemand, en anglais et en italien</subfield></datafield><datafield ind1=" " ind2=" " tag="500"><subfield code="a">Texts in French, German or Italian</subfield></datafield><datafield ind1=" " ind2=" " tag="500"><subfield code="a">Beiträge überw. ital., teilw. deutsch, englisch oder franz.</subfield></datafield><datafield ind1=" " ind2=" " tag="504"><subfield code="a">Includes bibliographical references</subfield></datafield><datafield ind1="0" ind2="7" tag="600"><subfield code="a">Euripide</subfield><subfield code="d">0480-0406 av. J.-C.</subfield><subfield code="0">(IDREF)026854775</subfield><subfield code="2">idref</subfield></datafield><datafield ind1="0" ind2="7" tag="600"><subfield code="a">Euripides</subfield><subfield code="2">idszbz</subfield></datafield><datafield ind1="0" ind2="7" tag="600"><subfield code="a">Euripides</subfield><subfield code="d">ca. 485/480 v. Chr.-406 v.Chr.</subfield><subfield code="0">(DE-588)118531395</subfield><subfield code="2">gnd</subfield></datafield><datafield ind1="0" ind2="0" tag="600"><subfield code="a">Euripides</subfield><subfield code="x">Manuscripts</subfield><subfield code="v">Congresses</subfield></datafield><datafield ind1="0" ind2="7" tag="600"><subfield code="a">Euripides</subfield><subfield code="v">Kongressbericht</subfield><subfield code="2">idsbb</subfield></datafield><datafield ind1="2" ind2="7" tag="610"><subfield code="a">Istituto papirologico Girolamo Vitelli (Florence)</subfield><subfield code="0">(RERO)A010099832</subfield><subfield code="2">rero</subfield></datafield><datafield ind1=" " ind2="7" tag="650"><subfield code="a">Papyrus grecs</subfield><subfield code="0">(IDREF)027237478</subfield><subfield code="2">idref</subfield></datafield><datafield ind1=" " ind2="7" tag="650"><subfield code="a">Papyrus</subfield><subfield code="2">idszbz</subfield></datafield><datafield ind1=" " ind2="7" tag="650"><subfield code="a">Papyrus</subfield><subfield code="0">(DE-588)4044571-9</subfield><subfield code="2">gnd</subfield></datafield><datafield ind1=" " ind2="0" tag="650"><subfield code="a">Manuscripts, Greek (Papyri)</subfield><subfield code="v">Congresses</subfield></datafield><datafield ind1=" " ind2="7" tag="655"><subfield code="a">Actes de congrès</subfield><subfield code="0">(IDREF)02886431X</subfield><subfield code="2">idref</subfield></datafield><datafield ind1=" " ind2="7" tag="655"><subfield code="a">Aufsatzsammlung</subfield><subfield code="2">idszbz</subfield></datafield><datafield ind1=" " ind2="7" tag="655"><subfield code="a">Konferenzschrift</subfield><subfield code="z">Firenze</subfield><subfield code="y">2004</subfield><subfield code="2">gnd-content</subfield></datafield><datafield ind1=" " ind2="7" tag="655"><subfield code="a">Konferenzschrift</subfield><subfield code="z">Florenz</subfield><subfield code="y">2004</subfield><subfield code="2">gnd-content</subfield></datafield><datafield ind1="1" ind2=" " tag="700"><subfield code="a">Casanova, Angelo</subfield><subfield code="d">1942-....</subfield><subfield code="0">(IDREF)081151284</subfield></datafield><datafield ind1="1" ind2=" " tag="700"><subfield code="a">Bastianini, Guido</subfield><subfield code="d">1945-</subfield><subfield code="0">(DE-588)1049922972</subfield><subfield code="6">880-03</subfield></datafield><datafield ind1="1" ind2=" " tag="880"><subfield code="6">700-03</subfield><subfield code="a">Bastianini, Guido</subfield><subfield code="d">1945-....</subfield><subfield code="0">(IDREF)056871937</subfield></datafield><datafield ind1="2" ind2=" " tag="710"><subfield code="a">Istituto papirologico G. Vitelli</subfield><subfield code="g">Florence, Italie</subfield><subfield code="0">(IDREF)029972264</subfield></datafield><datafield ind1=" " ind2=" " tag="830"><subfield code="a">Studi e testi di papirologia</subfield><subfield code="p">Nuova serie</subfield><subfield code="v">7</subfield><subfield code="w">(IDSBB)002863985DSV01</subfield></datafield><datafield ind1=" " ind2=" " tag="830"><subfield code="a">Studi e testi di papirologia</subfield><subfield code="p">Nuova serie</subfield><subfield code="v">7</subfield><subfield code="w">(NEBIS)004644408EBI01</subfield></datafield><datafield ind1=" " ind2=" " tag="900"><subfield code="a">REROnoselfmerge</subfield></datafield><datafield ind1=" " ind2=" " tag="900"><subfield code="a">IDSZ2zbzmon200512f</subfield><subfield code="c">IDSZ2staub</subfield><subfield code="d">IDSZ2zbzswk200601b</subfield><subfield code="e">IDSZ2seid</subfield></datafield></record>
</metadata></record>