<record><header><identifier>oai:alma.41SLSP_UGE:991000044049705502</identifier><datestamp>2024-09-28T00:26:22Z</datestamp><setSpec>uge_bcen_RapidILL_BOOK</setSpec><setSpec>uge_aaca_RapidILL_BOOK</setSpec><setSpec>uge_abels_RapidILL_BOOK</setSpec><setSpec>uge_dbu_RapidILL_BOOK</setSpec><setSpec>uge_cmu_RapidILL_BOOK</setSpec><setSpec>uge_mail_RapidILL_BOOK</setSpec><setSpec>uge_abbat_RapidILL_BOOK</setSpec><setSpec>UNIGE_ALL</setSpec><setSpec>uge_aobs_RapidILL_BOOK</setSpec><setSpec>uge_acar_RapidILL_BOOK</setSpec></header><metadata>
<record xmlns="http://www.loc.gov/MARC21/slim" xmlns:xsi="http://www.w3.org/2001/XMLSchema-instance" xsi:schemaLocation="http://www.loc.gov/MARC21/slim http://www.loc.gov/standards/marcxml/schema/MARC21slim.xsd"><leader>01138nam a2200265 c 4500</leader><controlfield tag="001">991000044049705502</controlfield><controlfield tag="005">20240927181411.0</controlfield><controlfield tag="008">201011s1911    gw ||||| |||| 00| ||ger d</controlfield><datafield ind1=" " ind2=" " tag="035"><subfield code="a">(swissbib)232574634-41slsp_network</subfield></datafield><datafield ind1=" " ind2=" " tag="035"><subfield code="a">232574634</subfield><subfield code="9">ExL</subfield></datafield><datafield ind1=" " ind2=" " tag="035"><subfield code="a">(RERO)R007524668-41slsp</subfield></datafield><datafield ind1=" " ind2=" " tag="035"><subfield code="a">(IDSBB)004502564DSV01</subfield></datafield><datafield ind1=" " ind2=" " tag="035"><subfield code="a">(EXLNZ-41SLSP_NETWORK)991079006959705501</subfield></datafield><datafield ind1=" " ind2=" " tag="040"><subfield code="a">SzZuIDS BS/BE B400</subfield><subfield code="d">CH-ZuSLS</subfield></datafield><datafield ind1=" " ind2="7" tag="072"><subfield code="a">ha</subfield><subfield code="2">rero</subfield></datafield><datafield ind1="1" ind2=" " tag="100"><subfield code="a">Fabricius, Ernst</subfield><subfield code="d">1857-1942</subfield><subfield code="0">(IDREF)074461109</subfield><subfield code="4">cre</subfield></datafield><datafield ind1="1" ind2="0" tag="245"><subfield code="a">Über die Entwickelung der römischen Verfassung in republikanischer Zeit</subfield><subfield code="c">von Ernst Fabricius</subfield></datafield><datafield ind1=" " ind2="1" tag="264"><subfield code="a">Freiburg i.Br.</subfield><subfield code="b">Speyer &amp; Kaerner</subfield><subfield code="c">1911</subfield></datafield><datafield ind1=" " ind2=" " tag="300"><subfield code="a">19 p.</subfield></datafield><datafield ind1=" " ind2=" " tag="336"><subfield code="b">txt</subfield><subfield code="2">rdacontent</subfield></datafield><datafield ind1=" " ind2=" " tag="337"><subfield code="b">n</subfield><subfield code="2">rdamedia</subfield></datafield><datafield ind1=" " ind2=" " tag="338"><subfield code="b">nc</subfield><subfield code="2">rdacarrier</subfield></datafield><datafield ind1="1" ind2=" " tag="490"><subfield code="a">Reden gehalten am ... bei der öffentlichen Feier der Übergabe des Prorectorats der Universität Freiburg, Breisgau</subfield><subfield code="v">1911</subfield></datafield><datafield ind1=" " ind2=" " tag="500"><subfield code="a">Univ. Freiburg i.Br. Rede des antretenden Prorektors, 1911</subfield></datafield><datafield ind1=" " ind2=" " tag="830"><subfield code="a">Reden gehalten am ... bei der öffentlichen Feier der Übergabe des Rektorats der Universität Freiburg, Breisgau</subfield><subfield code="v">1911</subfield><subfield code="w">(IDSBB)006193797DSV01</subfield></datafield><datafield ind1=" " ind2=" " tag="900"><subfield code="a">REROnoselfmerge</subfield></datafield></record>
</metadata></record>