<record><header><identifier>oai:alma.41SLSP_UGE:991000043729705502</identifier><datestamp>2023-05-31T00:11:29Z</datestamp><setSpec>uge_bcen_RapidILL_BOOK</setSpec><setSpec>uge_aaca_RapidILL_BOOK</setSpec><setSpec>uge_abels_RapidILL_BOOK</setSpec><setSpec>uge_dbu_RapidILL_BOOK</setSpec><setSpec>uge_cmu_RapidILL_BOOK</setSpec><setSpec>uge_mail_RapidILL_BOOK</setSpec><setSpec>uge_abbat_RapidILL_BOOK</setSpec><setSpec>UNIGE_ALL</setSpec><setSpec>uge_aobs_RapidILL_BOOK</setSpec><setSpec>uge_acar_RapidILL_BOOK</setSpec></header><metadata>
<record xmlns="http://www.loc.gov/MARC21/slim" xmlns:xsi="http://www.w3.org/2001/XMLSchema-instance" xsi:schemaLocation="http://www.loc.gov/MARC21/slim http://www.loc.gov/standards/marcxml/schema/MARC21slim.xsd"><leader>04643nam a22007457c 4500</leader><controlfield tag="001">991000043729705502</controlfield><controlfield tag="005">20230530120419.0</controlfield><controlfield tag="008">201012s2010    xxu||||| |||| 00| ||eng d</controlfield><datafield ind1=" " ind2=" " tag="010"><subfield code="a">2010017007</subfield></datafield><datafield ind1=" " ind2=" " tag="015"><subfield code="a">GBB075758</subfield><subfield code="2">bnb</subfield></datafield><datafield ind1="7" ind2=" " tag="016"><subfield code="a">015583908</subfield><subfield code="2">Uk</subfield></datafield><datafield ind1=" " ind2=" " tag="020"><subfield code="a">9780822347507</subfield><subfield code="q">hbk.</subfield><subfield code="c">GBPD 72.00</subfield></datafield><datafield ind1=" " ind2=" " tag="020"><subfield code="a">9780822347699</subfield><subfield code="q">pbk. : alk. paper</subfield></datafield><datafield ind1=" " ind2=" " tag="020"><subfield code="a">0822347504</subfield><subfield code="q">cloth : alk. paper</subfield></datafield><datafield ind1=" " ind2=" " tag="020"><subfield code="a">0822347695</subfield><subfield code="q">pbk. : alk. paper</subfield></datafield><datafield ind1="7" ind2=" " tag="024"><subfield code="a">http://catalogue.bnf.fr/ark:/12148/cb42602644j</subfield><subfield code="2">uri</subfield></datafield><datafield ind1=" " ind2=" " tag="035"><subfield code="a">(swissbib)242810608-41slsp_network</subfield></datafield><datafield ind1=" " ind2=" " tag="035"><subfield code="a">242810608</subfield><subfield code="9">ExL</subfield></datafield><datafield ind1=" " ind2=" " tag="035"><subfield code="a">(RERO)R005471807-41slsp</subfield></datafield><datafield ind1=" " ind2=" " tag="035"><subfield code="a">(IDSLU)000916320ILU01</subfield></datafield><datafield ind1=" " ind2=" " tag="035"><subfield code="a">(IDSBB)005623537DSV01</subfield></datafield><datafield ind1=" " ind2=" " tag="035"><subfield code="a">(NEBIS)009546208EBI01</subfield></datafield><datafield ind1=" " ind2=" " tag="035"><subfield code="a">(OCoLC)609872043</subfield></datafield><datafield ind1=" " ind2=" " tag="035"><subfield code="a">(EXLNZ-41SLSP_NETWORK)991001674929705501</subfield></datafield><datafield ind1=" " ind2=" " tag="040"><subfield code="a">NcD/DLC</subfield><subfield code="d">CH-ZuSLS</subfield></datafield><datafield ind1=" " ind2=" " tag="050"><subfield code="a">K3247</subfield><subfield code="b">.E54 2010</subfield></datafield><datafield ind1=" " ind2="7" tag="072"><subfield code="a">et</subfield><subfield code="2">rero</subfield></datafield><datafield ind1=" " ind2="7" tag="072"><subfield code="a">dr</subfield><subfield code="2">rero</subfield></datafield><datafield ind1=" " ind2="7" tag="072"><subfield code="a">821</subfield><subfield code="2">IDS LU</subfield></datafield><datafield ind1="0" ind2="4" tag="082"><subfield code="a">342.08/72</subfield><subfield code="2">22</subfield></datafield><datafield ind1="1" ind2=" " tag="100"><subfield code="6">880-01</subfield><subfield code="a">Engle, Karen</subfield><subfield code="d">1974-</subfield><subfield code="0">(RERO)A017655873</subfield><subfield code="4">cre</subfield></datafield><datafield ind1="1" ind2=" " tag="880"><subfield code="6">100-01</subfield><subfield code="a">Engle, Karen</subfield><subfield code="d">1962-</subfield><subfield code="0">(DE-588)14304463X</subfield></datafield><datafield ind1="1" ind2="0" tag="245"><subfield code="a">&lt;&lt;The&gt;&gt; elusive promise of indigenous development</subfield><subfield code="b">rights, culture, strategy</subfield><subfield code="c">Karen Engle</subfield></datafield><datafield ind1=" " ind2="1" tag="264"><subfield code="a">Durham [NC]</subfield><subfield code="b">Duke University Press</subfield><subfield code="c">2010</subfield></datafield><datafield ind1=" " ind2=" " tag="300"><subfield code="a">xvi, 400 p.</subfield><subfield code="c">24 cm</subfield></datafield><datafield ind1=" " ind2=" " tag="336"><subfield code="b">txt</subfield><subfield code="2">rdacontent</subfield></datafield><datafield ind1=" " ind2=" " tag="337"><subfield code="b">n</subfield><subfield code="2">rdamedia</subfield></datafield><datafield ind1=" " ind2=" " tag="338"><subfield code="b">nc</subfield><subfield code="2">rdacarrier</subfield></datafield><datafield ind1=" " ind2=" " tag="504"><subfield code="a">Includes bibliographical references p. [349]-381 and index</subfield></datafield><datafield ind1="0" ind2=" " tag="505"><subfield code="a">Part I. INTERNATIONAL AND TRANSNATIONAL INDIGENOUS MOVEMENTS: 1. Setting the stage for the transnational indigenous rights movement: domestic and international law and politics. 2. Indigenous movements in the Americas in the 1970s: the fourth world movement and Panindigenism. 3. International institutions and indigenous advocacy in the 1980: self-determination claims. 4. International institutions and indigenous advocacy since1990: human right to culture claims. Part II. HUMAN RIGHTS AND THE USES OF CULTURE IN INDEGENOUS RIGHTS ADVOCACY: 5. Culture as heritage. 6. Culture as grounded in land. 7. Culture as development. Part III. INDEGENOUS MODELS IN OTHER CONTEXTS: THE CASE OF AFRO-COLOMBIANS: 8. The history of law 70: culture as heritage, land, and development. 9. The periphery of law 70: Afro-Colombians in the Caribbean.</subfield></datafield><datafield ind1="8" ind2=" " tag="520"><subfield code="a">4e de couv.: Around the world, indigenous peoples use international law to make claims for heritage, territory, and economic development. Karen Engle traces the history of these claims, considering the prevalence of particular legal frameworks and their costs and benefits for indigenous groups. Her vivid account highlights the dilemmas that accompany each legal strategy, as well as the persistent elusiveness of economic development for indigenous peoples. Focusing primarily on the Americas, Engle describes how cultural rights emerged over self-determination as the dominant framework for indigenous advocacy in the late twentieth century, bringing unfortunate, if unintended, consequences. She argues that by asserting static, essentialized notions of indigenous culture, indigenous rights advocates have made concessions that threaten to exclude many claimants, force others into norms of cultural cohesion, and limit indigenous economic, political, and territorial autonomy.</subfield><subfield code="5">RERO/neueth/12.2013</subfield></datafield><datafield ind1="2" ind2="7" tag="610"><subfield code="a">Vereinte Nationen</subfield><subfield code="0">(DE-588)333-5</subfield><subfield code="2">gnd</subfield></datafield><datafield ind1=" " ind2="7" tag="650"><subfield code="a">Autochtones</subfield><subfield code="0">(IDREF)027743810</subfield><subfield code="2">idref</subfield></datafield><datafield ind1=" " ind2="7" tag="650"><subfield code="a">Droits civils et politiques</subfield><subfield code="0">(IDREF)027848922</subfield><subfield code="2">idref</subfield></datafield><datafield ind1=" " ind2="7" tag="650"><subfield code="a">Grundrecht</subfield><subfield code="0">(DE-588)4022344-9</subfield><subfield code="2">gnd</subfield></datafield><datafield ind1=" " ind2="7" tag="650"><subfield code="a">Indianer</subfield><subfield code="0">(DE-588)4026718-0</subfield><subfield code="2">gnd</subfield></datafield><datafield ind1=" " ind2="0" tag="650"><subfield code="a">Indigenous peoples</subfield><subfield code="x">Civil rights</subfield><subfield code="z">America</subfield></datafield><datafield ind1=" " ind2="7" tag="650"><subfield code="a">Schwarze</subfield><subfield code="0">(DE-588)4116433-7</subfield><subfield code="2">gnd</subfield></datafield><datafield ind1=" " ind2="7" tag="650"><subfield code="a">Indigenes Volk</subfield><subfield code="0">(DE-588)4187207-1</subfield><subfield code="2">gnd</subfield></datafield><datafield ind1=" " ind2="7" tag="650"><subfield code="a">Indigenismus</subfield><subfield code="0">(DE-588)4127662-0</subfield><subfield code="2">gnd</subfield></datafield><datafield ind1=" " ind2="7" tag="650"><subfield code="a">Kollektiveigentum</subfield><subfield code="0">(DE-588)4164680-0</subfield><subfield code="2">gnd</subfield></datafield><datafield ind1=" " ind2="7" tag="650"><subfield code="a">Minderheitenpolitik</subfield><subfield code="0">(DE-588)4170001-6</subfield><subfield code="2">gnd</subfield></datafield><datafield ind1=" " ind2="7" tag="650"><subfield code="a">Minderheitenrecht</subfield><subfield code="0">(DE-588)4039411-6</subfield><subfield code="2">gnd</subfield></datafield><datafield ind1=" " ind2="7" tag="650"><subfield code="a">Politische Bewegung</subfield><subfield code="0">(DE-588)4229761-8</subfield><subfield code="2">gnd</subfield></datafield><datafield ind1=" " ind2="7" tag="650"><subfield code="a">Soziale Bewegung</subfield><subfield code="0">(DE-588)4055707-8</subfield><subfield code="2">gnd</subfield></datafield><datafield ind1=" " ind2="7" tag="650"><subfield code="a">Völkerrecht</subfield><subfield code="0">(DE-588)4063693-8</subfield><subfield code="2">gnd</subfield></datafield><datafield ind1=" " ind2="7" tag="650"><subfield code="a">Gewohnheitsrecht</subfield><subfield code="0">(DE-588)4157303-1</subfield><subfield code="2">gnd</subfield></datafield><datafield ind1=" " ind2="7" tag="651"><subfield code="a">Amérique</subfield><subfield code="0">(IDREF)027218953</subfield><subfield code="2">idref</subfield></datafield><datafield ind1=" " ind2="0" tag="651"><subfield code="a">America</subfield><subfield code="x">Civilization</subfield></datafield><datafield ind1=" " ind2="7" tag="651"><subfield code="a">Lateinamerika</subfield><subfield code="0">(DE-588)4074032-8</subfield><subfield code="2">gnd</subfield></datafield><datafield ind1=" " ind2="7" tag="651"><subfield code="a">USA</subfield><subfield code="0">(DE-588)4078704-7</subfield><subfield code="2">gnd</subfield></datafield><datafield ind1=" " ind2="7" tag="651"><subfield code="a">Kanada</subfield><subfield code="0">(DE-588)4029456-0</subfield><subfield code="2">gnd</subfield></datafield><datafield ind1=" " ind2=" " tag="691"><subfield code="e">PC 39 USA</subfield><subfield code="2">rzs-L1</subfield></datafield><datafield ind1="4" ind2=" " tag="856"><subfield code="3">Inhaltsverzeichnis</subfield><subfield code="u">http://www.ub.unibas.ch/tox/IDSLUZ/000916320/PDF</subfield><subfield code="q">pdf</subfield></datafield><datafield ind1=" " ind2=" " tag="900"><subfield code="a">REROnoselfmerge</subfield></datafield><datafield ind1=" " ind2=" " tag="949"><subfield code="a">http://www.ub.unibas.ch/tox/IDSLUZ/000916320/PDF</subfield></datafield></record>
</metadata></record>