<record><header><identifier>oai:alma.41SLSP_UGE:991000044039705502</identifier><datestamp>2023-07-01T00:23:58Z</datestamp><setSpec>uge_bcen_RapidILL_BOOK</setSpec><setSpec>uge_aaca_RapidILL_BOOK</setSpec><setSpec>uge_abels_RapidILL_BOOK</setSpec><setSpec>uge_dbu_RapidILL_BOOK</setSpec><setSpec>uge_cmu_RapidILL_BOOK</setSpec><setSpec>uge_mail_RapidILL_BOOK</setSpec><setSpec>uge_abbat_RapidILL_BOOK</setSpec><setSpec>UNIGE_ALL</setSpec><setSpec>uge_acar_RapidILL_BOOK</setSpec><setSpec>uge_aobs_RapidILL_BOOK</setSpec></header><metadata>
<record xmlns="http://www.loc.gov/MARC21/slim" xmlns:xsi="http://www.w3.org/2001/XMLSchema-instance" xsi:schemaLocation="http://www.loc.gov/MARC21/slim http://www.loc.gov/standards/marcxml/schema/MARC21slim.xsd"><leader>02082naa a2200481 c 4500</leader><controlfield tag="001">991000044039705502</controlfield><controlfield tag="005">20230630211220.0</controlfield><controlfield tag="008">130626s2013    sz ||||| |||| 00| ||fre d</controlfield><datafield ind1=" " ind2=" " tag="035"><subfield code="a">(swissbib)117593915-41slsp_network</subfield></datafield><datafield ind1=" " ind2=" " tag="035"><subfield code="a">117593915</subfield><subfield code="9">ExL</subfield></datafield><datafield ind1=" " ind2=" " tag="035"><subfield code="a">(RERO)R007331985-41slsp</subfield></datafield><datafield ind1=" " ind2=" " tag="035"><subfield code="a">(EXLNZ-41SLSP_NETWORK)991095106009705501</subfield></datafield><datafield ind1=" " ind2=" " tag="040"><subfield code="a">RERO iftflu</subfield><subfield code="d">CH-ZuSLS</subfield></datafield><datafield ind1=" " ind2=" " tag="044"><subfield code="a">sz</subfield><subfield code="c">ch-be</subfield></datafield><datafield ind1=" " ind2="7" tag="072"><subfield code="a">dr</subfield><subfield code="2">rero</subfield></datafield><datafield ind1=" " ind2=" " tag="084"><subfield code="a">CA/CH 57.1 i</subfield><subfield code="2">cjurrom</subfield></datafield><datafield ind1="1" ind2=" " tag="100"><subfield code="a">Burri, Jürg</subfield><subfield code="0">(RERO)A003060203</subfield><subfield code="4">cre</subfield></datafield><datafield ind1="1" ind2="0" tag="245"><subfield code="a">Economies et sélection des risques dans les modèles d'assurance-maladie</subfield><subfield code="c">Jürg Burri</subfield></datafield><datafield ind1=" " ind2=" " tag="336"><subfield code="b">txt</subfield><subfield code="2">rdacontent</subfield></datafield><datafield ind1=" " ind2=" " tag="337"><subfield code="b">n</subfield><subfield code="2">rdamedia</subfield></datafield><datafield ind1=" " ind2=" " tag="338"><subfield code="b">nc</subfield><subfield code="2">rdacarrier</subfield></datafield><datafield ind1=" " ind2=" " tag="500"><subfield code="a">Version allemande: Kosteneinsparungen und Risikoselektion bei Modellen der Krankenversicherung</subfield></datafield><datafield ind1=" " ind2=" " tag="580"><subfield code="a">In: Sécurité sociale. - Berne. - 2013, no 3, p. 154-159</subfield></datafield><datafield ind1=" " ind2="7" tag="650"><subfield code="a">KV</subfield><subfield code="9">ger</subfield><subfield code="0">(RERO)jurivoc000013824ger</subfield><subfield code="2">jurivoc</subfield></datafield><datafield ind1=" " ind2="7" tag="650"><subfield code="a">Wahl des Leistungserbringers</subfield><subfield code="9">ger</subfield><subfield code="0">(RERO)jurivoc000026011ger</subfield><subfield code="2">jurivoc</subfield></datafield><datafield ind1=" " ind2="7" tag="650"><subfield code="a">Beschränkung(allgemein)</subfield><subfield code="9">ger</subfield><subfield code="0">(RERO)jurivoc000003447ger</subfield><subfield code="2">jurivoc</subfield></datafield><datafield ind1=" " ind2="7" tag="650"><subfield code="a">Vertragsarzt</subfield><subfield code="9">ger</subfield><subfield code="0">(RERO)jurivoc000025251ger</subfield><subfield code="2">jurivoc</subfield></datafield><datafield ind1=" " ind2="7" tag="650"><subfield code="a">Behandlungskosten</subfield><subfield code="9">ger</subfield><subfield code="0">(RERO)jurivoc000003046ger</subfield><subfield code="2">jurivoc</subfield></datafield><datafield ind1=" " ind2="7" tag="650"><subfield code="a">Patient</subfield><subfield code="9">ger</subfield><subfield code="0">(RERO)jurivoc000016943ger</subfield><subfield code="2">jurivoc</subfield></datafield><datafield ind1=" " ind2="7" tag="650"><subfield code="a">Krankenpflege</subfield><subfield code="9">ger</subfield><subfield code="0">(RERO)jurivoc000013538ger</subfield><subfield code="2">jurivoc</subfield></datafield><datafield ind1=" " ind2="7" tag="650"><subfield code="a">Statistik</subfield><subfield code="9">ger</subfield><subfield code="0">(RERO)jurivoc000021291ger</subfield><subfield code="2">jurivoc</subfield></datafield><datafield ind1=" " ind2="7" tag="650"><subfield code="a">Versicherungsmodell in der Krankenversicherung</subfield><subfield code="9">ger</subfield><subfield code="0">(RERO)jurivoc000050200ger</subfield><subfield code="2">jurivoc</subfield></datafield><datafield ind1=" " ind2="2" tag="650"><subfield code="a">Insurance, Health</subfield></datafield><datafield ind1=" " ind2="2" tag="650"><subfield code="a">Insurance, Health</subfield><subfield code="x">economics</subfield></datafield><datafield ind1=" " ind2="2" tag="650"><subfield code="a">Costs and Cost Analysis</subfield></datafield><datafield ind1=" " ind2="2" tag="650"><subfield code="a">Costs and Cost Analysis</subfield><subfield code="x">methods</subfield></datafield><datafield ind1=" " ind2="2" tag="650"><subfield code="a">Managed Care Programs</subfield></datafield><datafield ind1=" " ind2="2" tag="650"><subfield code="a">Cost Savings</subfield></datafield><datafield ind1=" " ind2="2" tag="650"><subfield code="a">Risk Adjustment</subfield></datafield><datafield ind1=" " ind2="2" tag="650"><subfield code="a">Risk Sharing, Financial</subfield></datafield><datafield ind1=" " ind2="2" tag="650"><subfield code="a">Insurance Selection Bias</subfield></datafield><datafield ind1=" " ind2="7" tag="651"><subfield code="a">Schweiz</subfield><subfield code="9">ger</subfield><subfield code="0">(RERO)jurivoc000019912ger</subfield><subfield code="2">jurivoc</subfield></datafield><datafield ind1=" " ind2="2" tag="651"><subfield code="a">Switzerland</subfield></datafield><datafield ind1="0" ind2=" " tag="773"><subfield code="t">Sécurité sociale : revue de l'Office fédéral des assurances sociales</subfield><subfield code="g">2013/154</subfield><subfield code="g">yr:2013</subfield><subfield code="w">(RERO)1663938-41slsp</subfield></datafield></record>
</metadata></record>