<record><header><identifier>oai:alma.41SLSP_UGE:991000043959705502</identifier><datestamp>2023-03-01T01:09:12Z</datestamp><setSpec>uge_bcen_RapidILL_BOOK</setSpec><setSpec>uge_aaca_RapidILL_BOOK</setSpec><setSpec>uge_abels_RapidILL_BOOK</setSpec><setSpec>uge_dbu_RapidILL_BOOK</setSpec><setSpec>uge_cmu_RapidILL_BOOK</setSpec><setSpec>uge_mail_RapidILL_BOOK</setSpec><setSpec>UNIGE_ALL</setSpec><setSpec>uge_abbat_RapidILL_BOOK</setSpec><setSpec>uge_aobs_RapidILL_BOOK</setSpec><setSpec>uge_acar_RapidILL_BOOK</setSpec></header><metadata>
<record xmlns="http://www.loc.gov/MARC21/slim" xmlns:xsi="http://www.w3.org/2001/XMLSchema-instance" xsi:schemaLocation="http://www.loc.gov/MARC21/slim http://www.loc.gov/standards/marcxml/schema/MARC21slim.xsd"><leader>03631nam a2200361 c 4500</leader><controlfield tag="001">991000043959705502</controlfield><controlfield tag="005">20201227133532.0</controlfield><controlfield tag="008">021002s2002    ru ||||| |||| 00| ||rus d</controlfield><datafield ind1=" " ind2=" " tag="020"><subfield code="a">5936150119</subfield></datafield><datafield ind1=" " ind2=" " tag="020"><subfield code="a">5936150054</subfield><subfield code="q">T. 4</subfield></datafield><datafield ind1=" " ind2=" " tag="035"><subfield code="a">(swissbib)098224883-41slsp_network</subfield></datafield><datafield ind1=" " ind2=" " tag="035"><subfield code="a">098224883</subfield><subfield code="9">ExL</subfield></datafield><datafield ind1=" " ind2=" " tag="035"><subfield code="a">(RERO)R003249675-41slsp</subfield></datafield><datafield ind1=" " ind2=" " tag="035"><subfield code="a">(EXLNZ-41SLSP_NETWORK)991078641539705501</subfield></datafield><datafield ind1=" " ind2=" " tag="040"><subfield code="a">RERO geulru</subfield><subfield code="d">CH-ZuSLS</subfield></datafield><datafield ind1=" " ind2="7" tag="072"><subfield code="a">ru</subfield><subfield code="2">rero</subfield></datafield><datafield ind1="1" ind2=" " tag="100"><subfield code="6">880-01</subfield><subfield code="a">Leontʹev, Konstantin Nikolaevič</subfield><subfield code="d">1831-1891</subfield><subfield code="0">(IDREF)026983818</subfield><subfield code="4">cre</subfield></datafield><datafield ind1="1" ind2=" " tag="880"><subfield code="6">100-01/(N</subfield><subfield code="a">Леонтьев, Константин Николаевич</subfield></datafield><datafield ind1="1" ind2="0" tag="245"><subfield code="6">880-02</subfield><subfield code="a">Odisseĭ polikhroniades</subfield><subfield code="c">K.N. Leontʹev</subfield></datafield><datafield ind1="1" ind2="0" tag="880"><subfield code="6">245-02/(N</subfield><subfield code="a">Одиссей полихрониадес</subfield><subfield code="c">К.Н. Леонтьев</subfield></datafield><datafield ind1="1" ind2=" " tag="246"><subfield code="a">Odissej polichroniades / K.N. Leontʹev</subfield></datafield><datafield ind1=" " ind2="1" tag="264"><subfield code="6">880-03</subfield><subfield code="a">Sankt-Peterburg</subfield><subfield code="b">Izd-vo &quot;Vl. Dalʹ&quot;</subfield><subfield code="c">2002</subfield></datafield><datafield ind1=" " ind2="1" tag="880"><subfield code="6">264-03/(N</subfield><subfield code="a">Санкт-Петербург</subfield><subfield code="b">Изд-во &quot;Вл. Даль&quot;</subfield><subfield code="c">2002</subfield></datafield><datafield ind1=" " ind2=" " tag="300"><subfield code="a">1040 p.</subfield><subfield code="c">22 cm</subfield></datafield><datafield ind1=" " ind2=" " tag="336"><subfield code="b">txt</subfield><subfield code="2">rdacontent</subfield></datafield><datafield ind1=" " ind2=" " tag="337"><subfield code="b">n</subfield><subfield code="2">rdamedia</subfield></datafield><datafield ind1=" " ind2=" " tag="338"><subfield code="b">nc</subfield><subfield code="2">rdacarrier</subfield></datafield><datafield ind1="1" ind2=" " tag="490"><subfield code="6">880-04</subfield><subfield code="a">Polnoe sobranie sočinenij v dvenadcati tomach / Konstantin Nikolaevič Leontʹev</subfield><subfield code="v">4</subfield></datafield><datafield ind1="0" ind2=" " tag="880"><subfield code="6">490-04/(N</subfield><subfield code="a">Полное собрание сочинений в двенадцати томах / Константин Николаевич Леонтьев</subfield><subfield code="v">4</subfield></datafield><datafield ind1=" " ind2=" " tag="500"><subfield code="a">Rossijskaja Akademija Nauk, Institut russkoj literatury (Puškinskij dom)</subfield></datafield><datafield ind1=" " ind2=" " tag="500"><subfield code="a">Российская Академия Наук, Институт русской литературы (Пушкинский дом)</subfield></datafield><datafield ind1="1" ind2=" " tag="800"><subfield code="6">880-06</subfield><subfield code="a">Ostrovskiĭ, Aleksandr Nikolaevich</subfield><subfield code="t">Polnoe sobranie sochineniĭ v dvenadt︠s︡ati tomakh</subfield><subfield code="v">4</subfield><subfield code="w">(RERO)0045181-41slsp</subfield></datafield><datafield ind1="1" ind2=" " tag="880"><subfield code="6">800-06/(N</subfield><subfield code="a">Леонтьев, Константин Николаевич</subfield><subfield code="t">Полное собрание сочинений в двенадцати томах</subfield><subfield code="v">4</subfield></datafield><datafield ind1=" " ind2=" " tag="900"><subfield code="a">REROnoselfmerge</subfield></datafield></record>
</metadata></record><resumptionToken>1900-01-01@all@UNIGE_ALL@marc21@5986495170005502</resumptionToken></ListRecords></OAI-PMH>